2550 4590
251 450 368 531 eaque
392 449 469 503 non
501 428 618 502 semel
639 424 837 502 osseum
870 452 952 505 esse
985 434 1230 512 vehementer

249 568 412 644 dolebat.
485 565 564 640 Sub
611 566 961 665 ipse·Aca1lemiae
1002 573 1230 652 incunabula

149 758 155 775 .
248 700 389 778 Leidae
428 699 546 773 bonas
580 701 708 773 literas
740 696 871 775 docuit
902 704 1027 777 Iustus
1059 705 1229 806 Lipsius,

247 841 434 943 perlectus
448 837 574 912 literis
592 835 749 929 Latinis,
775 838 1002 914 Graecamm
1028 842 1229 919 mediocri·

246 987 314 1051 ter¹
328 973 482 1072 peritus.
543 970 593 1043 ls‘
607 968 732 1043 dicere
757 981 870 1045 ausus
895 986 965 1062 est,
992 974 1153 1049 Graecas
1180 976 1228 1050 li-

245 1121 345 1184 teras
370 1107 514 1181 honuni
540 1103 688 1179 erudito
705 1103 860 1180 decoras
879 1129 973 1198 esse,
996 1113 1228 1187 necessarias

129 1289 137 1300 .
244 1266 321 1320 „011
345 1246 448 1318 item.
501 1237 612 1329 Quod
638 1240 898 1316 stultissimum
926 1243 1067 1319 dictum
1092 1248 1226 1323 haaco

244 1362 607 1458 oeam'coauuono
621 1378 667 1477 ¹⁸),
692 1399 767 1476 quo
792 1402 870 1454 non
890 1381 964 1456 fuit
981 1382 1134 1459 lenioris
1155 1409 1227 1485 naq

244 1530 351 1595 turae
387 1516 556 1605 critiem,
605 1514 846 1591 vehementer
880 1517 994 1593 bilem
1029 1522 1071 1620 l)
1088 1525 1225 1629 movit.

132 1623 145 1639 ’
243 1655 321 1733 sen
345 1655 487 1730 bonnm
512 1653 671 1743 factum,
704 1652 805 1751 quod
832 1666 910 1730 tam
927 1659 1148 1756 >pernicioso
1173 1660 1224 1735 li

241 1791 332 1865 teris
358 1789 487 1890 opinio
520 1786 643 1861 nullas
667 1785 812 1862 ramese
845 1792 929 1885 egit.
989 1790 1084 1866 Mox
1116 1795 1258 1870 enim'

240 1942 427 2027 tarrqtrum·
443 1927 548 2001 coelo
573 1927 711 2001 missus
735 1925 916 2026 Iosephus
932 1928 1124 2029 ‘Scaligem
1156 1935 1222 2029 cni

240 2066 376 2142 Bataui
397 2078 531 2164 'propo
556 2083 705 2136 omnem
731 2076 873 2138 rectum
898 2067 1037 2161 ingenii
1064 2067 1220 2161 column

241 2179 350 2302 quem
376 2220 428 2273 ex
453 2220 498 2270 eo
525 2209 696 2295 tempore
721 2201 905 2297 ceperint,
947 2203 981 2272 si
1011 2205 1107 2296 grati
1134 2227 1218 2281 esso

238 2338 369 2426 velint,
395 2343 586 2433 accepttnn
612 2332 752 2407 referre
777 2332 926 2426 debent,
959 2336 1122 2435 Scaliger
1146 2342 1219 2439 igi·

236 2484 299 2546 tur
324 2472 408 2546 cum
433 2481 574 2544 ceteras
588 2471 777 2563 'ingenuas
804 2483 914 2561 artes,
934 2484 1022 2547 uun
1049 2474 1214 2553 Graccus

236 2596 376 2696 literas,
401 2624 603 2703 earumque
628 2624 713 2676 cum
733 2603 878 2678 Latinis
905 2607 1215 2716 coniunctionum,

236 2743 277 2814 in
303 2741 363 2814 liis
393 2737 607 2837 regionibus
639 2736 824 2814 fundavit
884 2740 1122 2838 Scaligerana
1154 2745 1212 2823 di·

181 2848 392 2972 {sciplina
430 2897 499 2973 per
531 2863 710 2963 ‘Grotios,
747 2872 943 2965 Heinsius,
983 2876 1211 2972 Gronovius,

237 3008 438 3099 Graevius,
471 3020 510 3081 et
534 3008 628 3081 alios
661 3029 778 3106 usqne
811 3008 860 3081 ad
886 3022 1034 3108 patruum
1060 3029 1210 3090 nostro-

156 3150 177 3249 J
233 3167 317 3218 rum
343 3143 564 3218 memoriam
588 3154 795 3241 propagata
820 3155 903 3218 est·
948 3143 1043 3218 Tum
1076 3171 1209 3226 runsns

232 3272 399 3378 plerique
424 3274 824 3365 literatores,⁴Graecis
843 3278 906 3352 vel
928 3279 1116 3374 neglectis,
1143 3285 1206 3360 vel

126 3506 130 3520 ·
272 3499 305 3585 *)
327 3501 401 3564 vito
433 3501 597 3562 Cusuboni
631 3499 755 3578 Epistol.
785 3500 858 3564 291.
889 3514 919 3561 ct
945 3500 1019 3562 294.
1052 3519 1083 3567 et
1111 3509 1203 3589 usp-u

224 3601 323 3683 Epist.
344 3602 418 3667 356.
440 3606 472 3665 in
493 3603 604 3684 Syllug.
626 3601 723 3663 Burm.
747 3600 832 3663 Tom-
846 3601 869 3664 Ι.
891 3601 1041 3683 pagum.

135 3766 141 3777 ,
269 3725 302 3803 †)
325 3722 395 3804 Peg.
416 3717 468 3786 47.
