2550 4590
499 224 779 297 -284u

152 398 225 491 dis,
247 397 400 472 diluam.
423 390 577 473 Cavcbo
599 392 751 493 quidem
774 394 982 491 diligenter,
1002 411 1046 473 ut
1072 425 1131 473 cr-

127 540 200 635 'ga
225 560 314 611 eum
335 536 474 626 virum,
499 536 566 634 qui
587 546 665 609 tarn
685 506 881 629 insiguiter
901 535 949 608 de
970 560 1034 610 me
1049 562 1131 611 me-

151 678 247 751 ritus
268 676 414 765 smssot,
439 674 545 773 (nam
565 684 711 748 caetera
733 675 815 747 eius
836 696 985 749 summa
1004 674 1054 749 do
1081 677 1132 751 li-

152 818 242 889 terio
270 814 408 889 merita
435 833 535 886 nunc
562 806 639 885 noir
669 812 828 912 attingo)
856 816 1022 910 ingratus
1045 838 1132 890 osso

151 956 323 1054 cuiquam
346 970 396 1025 ne
415 932 560 1027 videar.
595 948 670 1025 His
690 952 732 1025 in
751 950 863 1025 rebus
883 976 998 1043 eram,
1012 976 1131 1053 quum

30 1190 33 1197 Ι
148 1090 395 1193 Amplissimo
428 1086 562 1163 Ordini
589 1086 776 1187 lipsiensi
798 1090 988 1190 placebat,
1024 1091 1130 1191 quod

147 1231 265 1320 felix,
297 1228 485 1317 ferretum,
516 1226 822 1337 fortunatumque
855 1232 923 1321 sit,
962 1230 1132 1307 urbanae

148 1367 299 1444 scholae
324 1390 388 1441 me
413 1366 611 1439 Rectorem
630 1366 841 1466 praeficere,
875 1391 950 1463 quo
963 1391 1043 1444 non
1063 1392 1129 1444 so-

147 1503 342 1583 ltnnmodo
355 1507 539 1581 iacentem
560 1526 685 1581 meam
699 1504 890 1579 fortunam
905 1506 1041 1595 erexit,
1066 1519 1131 1581 tu-

147 1656 262 1745 toque
277 1644 417 1719 inloto
438 1642 650 1732 collocavit,
667 1641 734 1716 sed
754 1644 868 1715 etiam
883 1642 930 1715 de
943 1642 1130 1737 moribus,

145 1785 308 1881 ingenio,
328 1779 538 1880 studiisque
558 1782 654 1856 meis
676 1794 754 1855 tam
770 1780 1016 1856 lionorificrun
1030 1794 1130 1859 taur-

147 1945 220 2021 que
246 1921 477 1997 luculentrun
501 1918 622 1995 edidit
650 1922 920 2012 testimonium,
948 1932 993 1994 ut
1018 1920 1129 1997 aliud

146 2060 353 2157 excogitari
372 2057 527 2157 aliquod
539 2059 722 2134 illustrius
735 2072 909 2158 nequeat,
924 2081 1045 2157 neque
1066 2063 1129 2136 in-

144 2200 298 2275 veniam
325 2197 543 2273 mortalium
558 2221 793 2298 quemquam,
814 2197 944 2297 quide
964 2222 1027 2272 mc
1041 2223 1126 2273 ma-

144 2339 389 2433 gnificentius,
418 2359 531 2434 quam
555 2335 658 2409 Ordo
681 2337 748 2409 ille
769 2336 1050 2435 Amplissimus
1072 2341 1127 2413 sit

142 2477 311 2549 meritus.
382 2472 578 2547 Intenolem
600 2476 728 2572 itaque
746 2498 884 2551 nervos
908 2497 1038 2549 omnes
1063 2498 1125 2569 eo,

145 2636 220 2715 quo
248 2638 290 2689 re
318 2624 471 2699 strenue
488 2624 661 2711 reeteque
690 2613 852 2709 gerenda
873 2614 1126 2691 Patronorum

144 2752 386 2852 Optimorum
405 2751 664 2827 Maximorum
678 2752 713 2852 *)
738 2752 951 2853 praeclarae
979 2751 1028 2826 de
1058 2774 1126 2827 mc

145 2902 347 2989 conceptae
373 2885 544 2991 opinioni
572 2905 683 2991 atque
710 2893 794 2991 spei
813 2891 1063 2993 respondeam
1083 2906 1126 2967 ot

143 3028 382 3103 satisfaciam

324 3149 466 3250 Scripsi
501 3151 655 3250 Lipsiae
689 3149 725 3224 tl.
754 3158 816 3229 20.
832 3152 931 3225 Iunii
957 3154 1070 3229 1758.

91 3340 98 3351 '
187 3318 214 3401 *)
235 3320 380 3385 Similiter
400 3323 437 3383 ab
459 3324 598 3385 Ernestio
620 3324 805 3405 Sticglitnius
825 3329 991 3404 appellatur
1007 3334 1125 3405 potro-

25 3461 30 3471 ·
144 3444 201 3485 aue
222 3428 350 3508 optimate
365 3428 527 3501 murco,
552 3430 585 3487 in
610 3430 735 3505 epistole
756 3432 918 3491 nofissirna.
962 3426 1023 3487 Sul
1045 3428 1126 3488 bene

144 3531 219 3609 Aug.
246 3528 407 3591 Matthiae:
456 3531 565 3606 „loris
587 3534 763 3609 appellatio,
788 3535 902 3607 inquit,
933 3535 990 3589 etsi
1016 3544 1125 3609 posteo

144 3634 353 3711 „Principibus
369 3636 460 3695 etiam
481 3634 606 3707 tribute,
631 3636 776 3713 quomodo
794 3638 826 3695 in
847 3634 1029 3716 Stioglitium
1047 3656 1123 3697 con-

144 3739 296 3812 „renerin
318 3738 370 3797 rix
389 3738 511 3800 dices.”
560 3734 622 3801 Fll.
695 3734 700 3747 '
