2550 4590
485 279 769 355 -134—

112 491 129 527 =.
192 472 245 526 ru
275 468 468 542 nnumur,
498 434 717 527 srunrosln
747 463 995 554 murmurisw
1017 462 1118 520 ruo-

159 578 162 584 ’
245 603 478 663 nrnrrssnm
494 604 654 681 couno,
668 604 882 661 rnnnnruu
896 602 1121 660 exornem-

245 737 507 817 r10‚mrnnr
531 740 635 815 soro,
656 738 839 801 nosrmn
861 739 1041 796 numum
1064 720 1120 796 ni·

244 876 433 934 onuorun.

146 1159 291 1289 Mene
297 1212 492 1289 illaetabili
506 1194 578 1289 hoc
593 1226 632 1287 et
645 1213 792 1288 funesto
804 1209 1027 1312 parentandi
1041 1236 1123 1286 ma·

145 1347 255 1422 nibus
264 1325 357 1440 Viri,
372 1373 482 1448 quem
495 1374 613 1425 unum
627 1350 806 1440 omnium,
827 1361 892 1421 aut
904 1371 1123 1448 numquam,

146 1497 223 1576 aut,
238 1474 326 1586 quie
338 1488 480 1564 ferreus
494 1489 660 1563 fetormn
675 1488 766 1562 ordo
781 1484 822 1561 id
835 1486 998 1577 vetabat,
1010 1487 1123 1584 longe

145 1624 265 1698 serius
295 1627 394 1700 mori
426 1624 643 1727 oportebat,
682 1623 801 1698 officio
833 1624 938 1720 iungi
962 1623 1124 1697 deberel

146 1755 270 1852 Mene,
300 1763 365 1860 qui
386 1760 439 1836 ad'
459 1764 720 1859 cogitationem
745 1773 824 1834 tam
847 1759 1000 1833 acerbae
1021 1778 1125 1834 mor-

146 1898 208 1988 tis,
233 1894 540 2000 quandocumque
570 1901 722 1976 demum
737 1902 975 1995 contingeret,
997 1911 1126 1972 mento

148 2036 341 2109 concidere
367 2039 554 2130 solebam,
588 2062 687 2112 nunc
716 2038 797 2110 sine
824 2036 904 2107 ulle
928 2035 1126 2132 perturba·
1154 2056 1169 2113 Ι

147 2170 261 2258 tione,
282 2171 377 2242 lmnc
398 2173 628 2260 concionem,
651 2191 758 2266 quac,
780 2180 920 2266 quanto
938 2170 1029 2243 olim
1044 2184 1126 2247 stu·

147 2301 225 2393 (lio,
241 2303 289 2376 ad
303 2303 531 2379 audiendum
542 2304 830 2383 disertissimum
842 2308 1022 2398 omnium,
1036 2324 1128 2405 post

148 2436 366 2537 Ciceronem
387 2442 549 2517 emedio
571 2443 773 2533 subletum,
787 2441 921 2516 Virum
939 2445 1126 2519 confluere

147 2576 304 2668 solebat,
324 2590 429 2652 tanta
451 2602 549 2652 nunc
562 2577 708 2653 adeius
722 2578 845 2655 funeri
858 2580 958 2663 iuste
974 2581 1125 2659 solven-

149 2712 199 2786 de
228 2714 438 2812 frequentia
466 2716 670 2805 concmrit,.
693 2727 732 2792 et
754 2714 1011 2793 laudationem
1043 2719 1125 2799 eius
1167 2776 1169 2785 Α

149 2850 339 2927 doctrinae
370 2866 414 2938 et¹
435 2854 584 2948 ingenio
613 2876 746 2952 parem
773 2854 989 2952 exspectat,
1012 2856 1125 2926 susti-

147 2986 261 3060 neret
312 2984 531 3078 Credimne,
553 2985 769 3077 Auditoros,
788 2989 896 3077 mihi,
911 3010 988 3065 non
1003 2986 1127 3063 dicam

94 3129 96 3133 ’
148 3123 352 3199 verborum
372 3128 521 3225 copiam
544 3137 582 3199 et
609 3137 796 3215 ornatum,
820 3126 890 3200 sed
908 3129 1032 3226 ipsam
1055 3152 1125 3204 vo-

148 3287 230 3339 cem
261 3276 300 3337 et
334 3288 504 3347 mmmm
529 3263 643 3339 hodic
668 3264 932 3345 suffecturuml
983 3267 1056 3346 Vel
1075 3286 1126 3340 an

148 3404 295 3476 animos
323 3417 471 3479 vestros
505 3372 711 3477 innexum
737 3404 909 3479 lacrimas
940 3416 978 3476 ct
1001 3404 1125 3494 fletus,

150 3539 285 3635 quihm
304 3544 534 3639 interruptus
557 3541 807 3637 strangulatur
828 3564 971 3632 sermo,
997 3542 1123 3642 aliquo

148 3675 335 3750 solamine
359 3679 437 3751 iam
462 3677 651 3754 abstersos
679 3691 718 3752 et
747 3668 927 3783 siccatosl
985 3678 1125 3770 Nolite,
