2550 4590
315 342 322 383 ἱ
492 294 543 311 -
594 242 671 327 255
721 292 772 305 -

148 427 335 516 scivisset,
359 425 453 499 nihil
477 423 662 512 coluisset,
687 418 782 493 nihil
808 416 993 494 docuisset
1013 421 1117 517 depi-

148 584 240 663 que,
265 573 412 660 praeter
435 559 597 653 linguam
617 556 808 645 Latinam3
848 565 961 651 utque
981 555 1119 645 lexicos
1230 566 1273 657 ἐς,

147 697 218 775 sod
236 698 372 773 Latina
393 708 556 783 murm,
582 704 758 789 tanquam
786 688 939 789 Sisyphi
967 712 1116 784 saxum,
1221 722 1227 737 ·
1262 702 1271 723 ·

146 854 339 931 numquam
356 829 527 905 desiisset
545 827 710 904 volvere.
736 822 813 899 Sed
831 827 1006 923 quoniam
1025 825 1117 903 boni

147 970 225 1045 viri
247 980 351 1058 sunt;
376 965 548 1066 quodque
568 964 674 1053 illos,
695 960 785 1060 quid
804 960 947 1052 dicant,
973 966 1115 1041 nescire

146 1115 323 1202 apparet3
361 1099 425 1175 det
447 1100 523 1175 illis
544 1100 694 1175 veniam
718 1096 779 1179 hio
803 1109 931 1171 nostra
952 1122 1115 1175 censura
1244 1208 1250 1215 Ι

146 1238 247 1314 Illud
268 1252 392 1313 tamen
412 1238 507 1312 scire
529 1237 657 1333 utique
680 1236 840 1332 cupiam,
866 1236 957 1333 quid
979 1235 1116 1315 dicmri

148 1385 290 1462 essent,
322 1373 356 1447 si
379 1394 465 1468 ego,
498 1382 564 1445 aut
588 1370 686 1444 alius
716 1371 940 1468 quicunque,
966 1372 1116 1472 publice

146 1507 348 1607 aliquando
376 1521 610 1607 optaremus,
643 1518 686 1580 nt
713 1527 902 1585 sacrorum
931 1511 1114 1587 antistites

146 1645 241 1721 nihii
260 1643 410 1717 ederent
425 1654 573 1743 praeter
590 1663 738 1740 panem,
757 1653 795 1714 ct
812 1655 959 1740 practer
978 1667 1113 1742 aquam
1189 1716 1192 1721 ,

145 1780 241 1855 nihil
263 1778 441 1854 biberent.
492 1778 541 1851 Et
563 1777 713 1851 finitura
737 1789 861 1851 tamen
883 1792 988 1852 erant
1008 1794 1114 1879 opta-

147 1929 190 1991 ta
212 1928 359 2021 nostra,
386 1916 420 1989 si
449 1913 525 1987 iliis
552 1911 857 2013 responderetur,
892 1936 1020 1989 omnes
1046 1918 1114 1991 ho-

145 2075 233 2149 rum
256 2054 424 2128 virorum
453 2046 501 2123 dc
530 2046 780 2123 sustentandis
808 2047 961 2123 familiis
986 2073 1114 2149 quere-

150 2190 219 2263 ias.
264 2187 340 2263 Sed
362 2189 514 2264 valeant
532 2186 573 2261 hi
593 2183 855 2261 Providentiae
873 2186 1115 2286 reprehenso.

145 2340 232 2401 ren·
269 2324 347 2401 Nos
372 2343 463 2400 vero
492 2321 751 2398 venerabimur
776 2322 900 2414 illam,
933 2323 1033 2423 quod
1057 2337 1115 2401 tot
1171 2316 1176 2331 ¹

146 2458 315 2535 discendi
350 2460 647 2558 opportunitates
688 2458 852 2531 Gesnero
898 2462 1161 2556 prostravit·

146 2594 430 2690 destinavitque
486 2590 578 2681 nn,
618 2612 709 2689 quas
737 2590 851 2665 modo
885 2594 1113 2688 enumeravi,

146 2726 240 2801 addi
269 2726 378 2807 debet
408 2726 636 2801 matrimonii
662 2724 764 2799 illius
791 2726 970 2803 iatutitas
1027 2728 1115 2807 Hoo

148 2876 327 2962 quantum
349 2863 422 2939 sibi
448 2861 499 2939 ad
519 2865 723 2945 litternmm
751 2864 931 2942 culturam
959 2869 1111 2970 profluo·

145 3004 214 3089 rit,
241 3002 417 3099 exposuit
436 3003 520 3102 ipse
548 3002 589 3075 in
610 2998 782 3077 Caritatis
803 3025 893 3078 suae
917 2997 1110 3081 memdria.

147 3135 226 3211 Sed
253 3137 423 3213 desidero
452 3138 507 3215 ibi
534 3140 711 3215 virtutem
741 3153 931 3216 matronae
956 3164 1109 3240 prorsus

147 3397 179 3445 et
200 3387 399 3468 adacrr'pticie'‚
422 3408 542 3467 quornm
563 3372 773 3463 conditionem,
791 3401 906 3468 practer
926 3392 998 3451 iuris
1015 3392 1107 3453 inter·

145 3498 261 3564 preter,
290 3488 395 3546 docent
415 3508 529 3566 quoque
549 3491 614 3562 alii,
645 3512 673 3549 v.
695 3512 721 3549 c.
743 3489 805 3549 Tit.
827 3492 934 3568 Popma
954 3492 991 3550 do
1011 3495 1109 3574 operia

145 3604 298 3645 aereorum
323 3605 388 3665 pag.
404 3586 474 3646 153.
497 3583 557 3662 [ed.
579 3588 736 3647 Ameselod.
758 3588 925 3668 ..1772.1‚
948 3590 1107 3652 duFresne

147 3706 217 3747 com
236 3688 488 3765 amplificatoribus
511 3688 668 3764 Giossarii,
689 3694 753 3749 ioco
776 3712 833 3754 nou
854 3713 931 3768 uno,
952 3706 1009 3756 eto.
