2550 4590
538 290 819 365 ⁴149-

181 448 332 554 pariter
368 458 556 555 animique
590 458 775 556 quendam
812 463 1045 559 languorem,
1093 472 1157 567 qui

183 588 359 682 stradam,
385 592 434 665 ad
456 594 677 669 refovendas
699 600 817 688 vires,
843 598 963 677 lotum
980 605 1019 676 in
1042 605 1155 682 breve

179 718 334 837 lelnpns
355 738 510 799 mutare.
555 725 693 802 Usurns
716 733 843 829 itaque
866 736 1024 809 rnollitie
1047 741 1153 829 coeli,

179 854 400 959 leestivaquo
421 864 595 936 incitatus
616 869 824 957 suerritate,
846 871 878 941 si
901 870 969 943 tilii
990 872 1150 963 uidetur,

178 996 336 1093 Eyrlngi
356 1000 587 1088 suavissime,
608 1001 648 1073 in
673 1002 879 1078 saxoniam
905 1007 1147 1102 stipationem,

176 1128 244 1204 uti
264 1144 304 1204 et
324 1132 436 1205 lralrui
457 1133 690 1223 irreunalrula,
717 1136 851 1210 faeiarn
874 1140 1144 1232 exerrrsionern,

175 1264 247 1339 setl
274 1265 543 1343 brevissimam.
596 1270 782 1345 Gesnerus
806 1274 1006 1349 consiliarii
1032 1276 1142 1348 aulici

172 1400 355 1497 dignitate
378 1416 558 1476 nraetatns
585 1415 642 1478 est
670 1418 926 1506 autumnate,
953 1433 1036 1482 euni
1064 1413 1141 1485 iarn
1176 1468 1180 1475 .

172 1538 352 1637 e'og'itaret
381 1542 428 1614 (le
458 1543 799 1640 vestasepulerali.
849 1545 978 1642 ltaq'ue
999 1534 1139 1620 Denrnss

167 1678 310 1755 ethonis
332 1678 489 1754 verbnm
515 1701 625 1753 suurn
653 1680 791 1754 latiens
823 1680 946 1755 (licere
975 1681 1137 1756 solebatr

169 1814 260 1891 sor·
287 1814 390 1890 hune
415 1814 588 1889 'titolum
630 1826 793 1910 gratm
830 1840 910 1891 essa
949 1778 1134 1917 tunquam

164 1946 352 2052 ἐντάφιον
385 1946 512 2025 nativ
533 1950 578 2048 ⁸).
641 1949 739 2026 Nam
770 1954 823 2042 si,
854 1951 1036 2052 appellari
1068 1956 1133 2042 sie,

162 2084 307 2185 annun
336 2088 514 2160 interesse
542 2082 592 2159 all
624 2084 839 2159 felicitatem
869 2107 975 2159 suam
1003 2096 1155 2195 putas<

163 2232 241 2315 set,
274 2234 422 2322 poterat
448 2221 545 2295 hune
572 2220 774 2309 honorem,
802 2219 895 2310 sibi,
929 2243 1012 2293 euni
1042 2219 1126 2295 ilex

159 2356 401 2466 Aeadenniarn
434 2359 633 2452 Georgium
666 2353 871 2451 Augustam
898 2376 1003 2431 suam
1026 2356 1143 2429 invi-‘

158 2510 276 2587 seret,
307 2496 490 2584 oblatum,
517 2493 644 2567 decern
667 2495 778 2566 annis-
798 2496 903 2592 prius
928 2480 1122 2591 aceepisse.

155 2634 303 2731 Roapso
325 2644 449 2705 aritern
471 2631 619 2704 iuvenis
639 2631 727 2719 iarn,
752 2629 837 2703 lieet
857 2634 939 2705 sine
956 2632 1132 2720 nomina·

155 2770 230 2843 urit
257 2790 280 2839 a
309 2766 473 2838 consiliis
501 2763 728 2837 vinariensis
748 2765 874 2855 aulae,
902 2765 969 2839 nbi
996 2786 1045 2839 ex
1072 2764 1131 2838 il·'

150 2902 227 2976 lius
247 2901 430 2973 sententia
453 2894 611 2972 subinde
633 2897 814 2995 quaedam
835 2912 939 2994 gesta
959 2911 1046 2974 sunt
1061 2899 1116 2970 le-

150 3036 280 3108 lleiter.
333 3032 396 3105 Sie
426 3032 467 3105 in
493 3032 680 3106 vacuitate
712 3054 924 3121 munerum,
962 3033 997 3104 sl
1030 3031 1113 3126 quis

147 3170 224 3247 illis
248 3170 531 3271 praeponendus
551 3184 805 3267 quaereretur,
836 3172 869 3243 is
894 3170 1112 3268 plenumque

147 3308 336 3381 eonsnltns
364 3318 430 3380 est
489 3305 688 3379 Ambieloat
729 3304 892 3402 quodam
928 3318 1128 3402 tempora·

145 3414 272 3521 neseio
301 3446 402 3540 quis,
437 3442 668 3540 eloquentiae
694 3442 963 3539 prolissiononr
986 3442 1026 3515 in
1044 3440 1105 3513 lit·

144 3584 282 3658 terarla
300 3578 553 3656 Universitate
569 3582 725 3655 lenensi.
778 3582 998 3667 lleeeniitnr
1018 3602 1102 3655 con·

187 3754 219 3831 ⁸)
240 3750 359 3812 lucian.
382 3769 492 3813 οιιοοιιι.
512 3748 664 3811 Dnnestlr.
683 3744 735 3810 46.
