2550 4590
566 220 747 327 „7252
796 292 847 314 ..-

152 382 159 416 ⁸
216 424 329 520 longe
342 426 527 522 optimrun
549 410 646 521 †)e't
664 424 893 496 tutissimum
909 420 1094 509 censebat,
1113 441 1195 494 me-

216 558 324 634 dium
349 563 478 657 coqui,
515 558 616 659 quod
641 571 722 673 tum
748 581 772 631 a
798 561 1026 647 temeritato,
1060 570 1142 635 mm
1168 579 1195 631 a

60 694 66 706 '
216 700 483 799 superstitione
510 709 609 785 esset
634 680 850 771 seiunctum.

218 856 241 881 ·’
317 850 402 926 uei
422 872 514 926 vero
536 853 598 925 vlr
613 864 876 946 magnus‚'usu
896 856 1080 946 sensuque
1100 845 1194 920 edo-

213 990 307 1082 ctus,
333 991 524 1089 praeclare
549 989 700 1079 sciebat,
726 990 838 1062 lcaris
858 1010 936 1060 non
956 1009 1038 1060 esse
1056 996 1193 1084 aptan-

213 1126 281 1202 das
308 1129 401 1219 alos,
426 1128 497 1202 hoc
522 1140 592 1218 cst,
616 1131 771 1204 luvenes
796 1150 874 1201 non
893 1134 1034 1201 temero
1053 1124 1103 1198 ad
1119 1126 1195 1200 crlss

212 1267 327 1361 ticam
352 1264 591 1340 adducendos
618 1288 719 1356 csse,
755 1278 882 1340 tamen
906 1266 1106 1363 sagacioris
1131 1266 1212 1338 in-¹

210 1394 313 1473 (lolia
338 1399 591 1474 adolescentes
616 1411 763 1474 mature
794 1400 906 1474 huius
940 1401 1031 1474 artis
1065 1398 1191 1475 veluti

169 1522 172 1527 ¹
208 1544 320 1630 gustu
347 1533 510 1632 quodam
535 1534 737 1608 lmbucbat
790 1533 960 1625 Quorum
985 1537 1105 1625 vires,
1128 1545 1195 1606 ut

114 1652 132 1751 ',
209 1680 292 1744 erat
317 1692 403 1744 acer
428 1682 467 1744 et
490 1673 693 1770 perspicax
726 1673 959 1768 ingeniorum
992 1673 1191 1744 existima·

101 1907 106 1919 ¹
155 1811 166 1827 '
207 1780 282 1897 tor,=
308 1817 396 1880 anto
420 1808 475 1881 sic
500 1806 736 1917 explorabat,
761 1810 937 1907 primum,
970 1820 1014 1881 ut
1038 1828 1102 1880 eos
1120 1807 1192 1880 lu·

206 1942 315 2019 beret
333 1961 337 1969 '
354 1949 512 2042 cogitato
544 1945 796 2044 meditateque
838 1946 960 2043 legero
999 1945 1190 2020 illustrem

206 2078 372 2181 aliquem
397 2084 535 2157 veteris
560 2085 752 2181 scriptoris
778 2083 976 2172 loou1u‚v.
1005 2107 1034 2155 c
1056 2081 1189 2156 Livla·

205 2234 294 2288 nam
327 2215 620 2312 praelationem,
661 2218 746 2292 vix·
765 2214 949 2289 imitanda
981 2227 1061 2289 arte
1095 2236 1186 2288 con-

83 2414 90 2448 „
204 2350 405 2448 scilptam,
430 2362 603 2448 etpost,
629 2348 720 2447 qold
743 2350 784 2423 in
808 2350 879 2423 tali
903 2351 985 2424 loco
1011 2349 1187 2424 maxlme

167 2490 173 2495 '
203 2486 373 2560 aninum
397 2486 625 2586 pepulisset,
659 2485 750 2586 quid
774 2488 943 2561 maximo
967 2484 1185 2586 placuisset,

202 2618 277 2696 sibl
301 2623 452 2697 reterre.
503 2623 621 2714 Trun,
659 2624 726 2698 ubl
750 2624 897 2720 linguae
922 2626 1116 2722 scientiam
1144 2635 1186 2698 ct

154 2846 162 2861 x
203 2759 328 2857 pulcri
353 2782 502 2834 sensum
529 2759 574 2859 †)
588 2760 660 2834 slbi
685 2761 923 2860 probassent,
956 2765 997 2835 in
1021 2763 1179 2860 scripto·

202 2916 256 2985 re,
283 2895 334 2969 au
359 2897 445 2971 talis
471 2901 604 2975 aotatls
631 2912 780 2998 capmm
803 2900 1096 2990 accommodato,
1122 2901 1182 2974 lo-

203 3044 288 3105 cum
307 3029 597 3123 demonstrabat,
622 3036 687 3131 qui
707 3035 844 3108 vitium
863 3034 1017 3109 haberet
1034 3037 1180 3111 nemini

201 3167 518 3260 animadversum,
538 3169 650 3268 ldquo
669 3173 893 3265 investigare
911 3172 1072 3245 iubebat.
1103 3172 1181 3247 Re-

200 3318 310 3406 porta
336 3308 558 3410 corruptela,
584 3330 696 3407 quarn
716 3310 878 3407 reporiro
897 3309 1086 3383 interdum
1100 3307 1178 3409 (ΗΓ-Δ

71 3530 80 3541 “
217 3474 282 3634 s)
304 3549 373 3632 rag.
395 3548 448 3615 or.

242 3695 281 3780 t)
302 3700 372 3783 Pu·
394 3697 446 3762 ⁵⁸·
