2564 4590
504 199 763 275 ..14-

149 370 215 445 iiie
248 366 567 443 demonstratione
607 368 782 441 consutus
823 370 1019 461 conticuit,
1055 392 1129 445 nec

149 505 241 581 miii
262 516 398 602 postea
424 502 606 591 moleotut
625 500 708 575 suit.
759 502 812 602 Et
832 504 1010 579 narrabat
1030 506 1128 579 milri

146 652 237 739 pout
261 638 511 733 Freytagiua,·
532 658 620 709 eum
650 634 752 736 apud
783 658 826 711 aa
865 638 938 713 hoc
971 640 1130 713 nomine

147 776 197 849 de
224 798 287 849 me
316 786 509 874 questum,
537 770 640 872 quod
667 797 712 847 ea
733 796 794 847 res
824 774 874 847 ad
897 788 1129 853 contemtum

147 914 209 987 rui
239 912 427 1011 portinme
453 908 664 987 uideretur:
693 932 736 985 aa
764 921 891 983 autom
921 913 957 986 ei
984 914 1040 985 aie
1068 936 1128 987 re·

146 1020 363 1149 spondium,
390 1056 433 1121 ut
469 1044 629 1136 diceret,
665 1069 751 1121 cum
784 1070 912 1121 mcum
956 1048 1128 1123 aurdimn

147 1186 321 1261 omnihus
342 1198 475 1259 notum
498 1198 614 1276 esset,
634 1207 704 1259 nec
730 1188 814 1283 ipae
835 1189 1043 1281 ignoraret,
1064 1212 1127 1263 me

147 1327 224 1399 iam
245 1324 398 1397 tertium
427 1342 568 1397 annum
595 1322 776 1395 acerrimo
798 1322 924 1395 studio
944 1326 986 1397 in
1010 1324 1128 1397 Grac-

147 1465 201 1537 cir
224 1463 384 1552 vorari,
411 1482 582 1534 securum
604 1483 686 1534 aare
708 1458 756 1533 de
777 1484 858 1552 me,
881 1473 939 1551 et,
961 1460 1054 1559 quid
1074 1462 1128 1537 ie·

146 1626 290 1701 gerem,
311 1604 500 1701 inquirere
528 1621 606 1676 non
627 1600 812 1675 debuisse.
863 1602 935 1675 Eat
954 1624 1046 1675 rane
1068 1624 1128 1675 rer

146 1714 302 1813 maioris
335 1738 558 1838 prudentiae
592 1750 632 1811 et
666 1740 834 1827 artiiieii,
862 1760 973 1835 quam
1013 1738 1128 1835 vulgo

147 1874 322 1965 crcdrmt,
355 1875 514 1965 multos,
543 1876 585 1947 in
612 1886 718 1947 tanta
745 1876 999 1967 ingeniorum,
1028 1872 1129 1949 adde

147 2016 262 2087 etiam
276 2013 467 2112 proiectus
483 2010 722 2099 diversitate,
736 2032 812 2083 una
826 2010 1026 2107 disciplina
1041 2034 1129 2085 con·

147 2152 284 2236 tinere,
302 2150 385 2222 rive
415 2144 574 2219 docendi
601 2147 868 2219 rationcmita
894 2147 1128 2241 ingeniorum

146 2288 323 2363 varietati
362 2286 663 2376 accommodare,
704 2298 746 2359 ut
776 2287 910 2360 eodem
956 2300 1129 2385 tempore

147 2422 314 2495 tarditati
341 2435 381 2495 et
407 2422 587 2495 celeritati
619 2422 808 2513 consulas,
840 2425 945 2497 iiiam
981 2426 1127 2515 inciter,

146 2561 242 2635 harre
283 2584 359 2635 non
402 2560 570 2634 retardor
614 2573 652 2657 et
689 2560 847 2658 frangas.
933 2562 1029 2637 Eius
1071 2566 1126 2637 rei

146 2718 215 2767 nce
242 2717 318 2767 una
346 2697 442 2767 ratio
466 2708 542 2786 cst,
565 2718 633 2769 nec
654 2695 787 2770 cadem
816 2695 916 2769 cadit
934 2698 974 2768 in
998 2700 1125 2771 omnia

146 2829 360 2903 docentium
391 2834 549 2927 ingenia.
601 2831 678 2906 Sed
708 2831 755 2904 de
786 2855 832 2905 ea
862 2856 905 2905 re
935 2832 1010 2907 hoa
1043 2834 1123 2907 locu

146 2967 270 3039 dicere
291 2991 335 3039 ac
356 2970 570 3066 praecipere
592 2970 685 3042 nihii
710 2971 860 3041 attinet:
885 2968 932 3041 dc
957 2970 1122 3045 Gestrero

146 3104 270 3178 dicere
296 3107 545 3180 irutituhnuo:
574 3106 622 3179 ad
652 3108 749 3179 hunc
774 3108 886 3200 igitur
907 3105 1122 3181 redibimua

223 3240 308 3315 Non
331 3244 395 3315 uni
422 3245 656 3341 praeceptori
685 3264 789 3314 carus
821 3254 901 3313 crat
919 3240 1121 3329 Gesneruo,

146 3375 214 3448 aed
238 3378 430 3467 omnihuo',
452 3381 516 3475 qui
546 3378 738 3475 praeclara
759 3379 904 3470 ingenia
926 3400 1120 3472 cognosce

145 3535 188 3585 re
210 3526 247 3584 ot
268 3538 394 3587 amaro
425 3514 648 3587 didicerant:
677 3513 718 3585 in
740 3512 800 3584 nis
822 3515 994 3611 inprimis
1012 3516 1048 3613 ⁸)
1071 3516 1119 3587 io.

190 3686 222 3765 ·)
243 3684 298 3747 Ed.
318 3706 362 3765 pr.
385 3691 541 3771 inprimit
561 3706 650 3765 quum
670 3684 719 3744 hic
741 3696 803 3746 tum
824 3686 969 3762 deinecpr.
1041 3684 1101 3747 PR.
