2550 4590
568 288 621 305 -
669 250 749 327 ωε
800 290 853 307 ..

220 425 366 499 lenum:
416 422 559 521 quippo
588 440 720 495 omues
749 384 1020 518 inanemque
1051 434 1202 521 partem

218 565 386 639 renones
401 558 578 649 uidebat,
608 570 649 633 et
672 581 807 655 magno
839 558 982 637 iudicio
1012 559 1200 658 pondera·

219 700 301 775 bat:
349 697 421 774 sed
449 696 571 787 idem,
610 697 678 771 ubi
702 697 817 772 semei
844 696 936 797 quid
960 697 1205 792 emuna,

217 850 396 912 commus
420 848 460 911 et
481 838 622 911 firmus.
672 833 831 911 Alienus
853 859 880 913 a
895 837 1200 936 suspicionibus

215 975 414 1053 sedidem
438 972 687 1064 latebrarum,
714 996 824 1073 ¹quae
845 975 888 1050 in
913 977 1049 1053 animis
1072 976 1201 1053 homi·

215 1136 308 1189 num
333 1115 423 1202 sint,
447 1113 707 1206 mgaeissimus
732 1112 964 1212 explorator.

318 1249 397 1325 Sed
421 1248 634 1349 pmdentia,
659 1272 757 1349 quae
779 1252 900 1329 vitem
924 1253 1114 1350 privatam
1140 1264 1203 1329 at·

214 1390 338 1486 tingit,
361 1390 399 1463 si
421 1388 463 1463 in
486 1408 534 1463 eo
558 1408 708 1467 tumme
724 1398 765 1465 et
783 1388 982 1484 unguen
1005 1390 1090 1482 fuit,
1114 1390 1200 1467 for-

213 1530 314 1603 sitan
336 1528 463 1601 minus
485 1527 626 1601 ninum
650 1525 837 1603 videatur.
858 1523 981 1603 Unde
1005 1551 1098 1605 vero
1113 1530 1199 1625 iile,

103 1746 106 1753 ,
214 1667 282 1764 qui
303 1664 450 1741 nuliam
472 1662 714 1764 reipublicae·
727 1668 1084 1763 pertemattigisset,
1108 1681 1199 1745 ten·

215 1816 295 1881 tam
307 1803 487 1881 hauserat
504 1825 631 1883 rerum
642 1803 818 1909 ,civilium
835 1805 1054 1881 secamus
1076 1805 1199 1885 Nen-

82 2026 85 2037 ,
211 1922 373 2043 petum
398 1964 484 2017 earn
506 1962 585 2017 non
610 1926 847 2041 experiundo
877 1942 952 2017 sibi
973 1964 1198 2044 comparare

211 2076 360 2181 possem
392 2098 483 2155 usus
509 2091 549 2153 et
573 2080 831 2178 experientiae
854 2082 1035 2157 vicariam
1068 2081 1196 2159 adsci-

203 2221 271 2313 ¹vit
284 2219 576 2319 philosophiam,
589 2219 836 2317 inprimisque
850 2221 973 2294 omnis
989 2222 1138 2319 priseae
1152 2234 1196 2298 et

210 2358 428 2431 recentioris
454 2359 590 2431 aetatis
615 2357 822 2431 historiam.
865 2358 930 2432 Ex
951 2332 1026 2458 (pua
1052 2359 1097 2458 †)
1111 2362 1195 2436 vir-

209 2507 291 2571 tute
329 2493 533 2569 Academia
570 2494 717 2570 Batava
755 2494 984 2571 uberrimum
1024 2498 1194 2575 fructum

209 2634 308 2729 tulit
372 2634 512 2712 Nacms
550 2635 652 2708 enim
682 2634 957 2732 amplissimum
986 2634 1192 2729 moenum,

208 2773 250 2847 in
275 2794 352 2872 quo
376 2773 500 2848 civilis
524 2771 595 2845 illa·
617 2770 819 2871 prudentia
838 2751 1190 2872 memmasce

208 2906 424 2984 tiaratorum
447 2909 654 3006 Belgarum
671 2911 867 2985 historiam
902 2934 1005 2987 nova
1037 2927 1076 2987 et
1100 2915 1189 2989 inu-

207 3050 321 3123 sitata
345 3050 491 3122 ratione
516 3048 664 3125 tradere
689 3051 824 3147 eoepit.
870 3049 1092 3148 iudagabat
1112 3040 1190 3129 ''ve-

206 3206 270 3261 res
295 3208 463 3278 cauusas,
490 3209 544 3261 ex
568 3186 704 3287 quibua
728 3208 788 3259 res
813 3200 938 3282 gestae
963 3189 1188 3288 penderent,

206 3326 361 3398 rerrrmis
386 3324 669 3400 simulationum
702 3323 924 3418 involucris,
958 3328 1093 3427 quibus
1126 3340 1185 3403 to-
1221 3378 1226 3384 -

205 3479 397 3561 gerentum
446 3464 603 3539 camilia
635 3464 848 3562 principum
882 3477 921 3538 ot
950 3468 1186 3565 populormn
1268 3482 1273 3491 '

205 3623 270 3676 eur
295 3600 408 3693 benc,
442 3624 508 3677 cur
531 3622 637 3676 socrus
668 3598 905 3692 cecidissem
946 3604 1186 3703 explicabat3

248 3741 287 3819 †)
304 3743 373 3824 mg.
394 3740 447 3804 77.
575 3750 578 3755 “
