2550 4590
497 288 778 361 -259—

151 470 252 545 tam,
293 448 425 541 verim,
466 458 563 527 inter
597 454 795 529 dicendum
834 456 983 531 denrrun
1022 474 1119 551 nata,

151 589 252 663 nauti
268 594 395 667 inrita
423 604 671 687 sequerentur.
723 592 861 689 Siqua
889 593 1118 671 adverbum
1231 654 1237 663 .

150 723 338 795 custodita
373 722 506 811 veliet,
548 726 739 821 operosius
772 730 976 799 memmiae
1012 743 1118 804 erant

149 857 437 945 cummittenda3
464 869 502 930 et
526 871 668 946 tamen,
693 860 766 932 nisi
786 863 960 934 versiculi
984 876 1119 955 esseut,

150 999 223 1067 vix
254 995 462 1069 haerebant.
508 996 574 1068 De
604 998 754 1092 reliquis
784 1002 1004 1073 sententiam
1033 1001 1118 1074 red-

149 1128 286 1218 debat,
324 1152 399 1201 nun
426 1128 550 1204 verba.
599 1131 691 1203 'Sed
719 1133 893 1205 nimirum
924 1138 1118 1209 exclusatio

149 1280 283 1363 parata
304 1278 361 1337 est
381 1258 500 1339 bonae
522 1268 724 1339 memoriae
747 1269 958 1341 iustissima.
1005 1270 1119 1343 Vidua
1216 1358 1219 1365 Ι

149 1398 240 1471 lieet
262 1412 421 1473 noverat
439 1400 516 1487 iiia,
537 1399 662 1473 verbis
684 1399 836 1474 daunino
858 1425 926 1475 suo
947 1426 1021 1477 nen
1037 1405 1118 1479 vai-

147 1528 202 1603 de
229 1552 328 1628 epus.
345 1554 444 1620 esse,
478 1544 515 1605 et
546 1532 666 1603 solere
697 1532 801 1605 iilum
830 1534 1018 1631 pulchrius
1041 1538 1120 1635 pie·

147 1690 308 1767 rnmque
328 1672 406 1742 suis
426 1668 553 1743 uerbis
576 1692 635 1742 res
658 1669 863 1758 ostendere,
890 1693 1000 1768 quam
1024 1674 1117 1745 aliu·

148 1830 245 1881 rum.
295 1786 448 1879 luteum
485 1818 610 1879 tamen
646 1805 738 1877 haee
772 1809 854 1879 sive
884 1808 1118 1903 negligentia,

146 1943 233 2015 sive
253 1942 471 2027 morositas,
497 1940 580 2013 sive
603 1936 822 2039 prudentia,
851 1961 964 2036 saepe
990 1963 1119 2015 caussa

146 2074 223 2151 tuit
244 2076 486 2172 querelarum.
523 2070 619 2148 Nam
643 2074 797 2175 memini
818 2071 1009 2146 danninum
1034 2098 1118 2149 eum

146 2233 220 2287 sua
240 2210 507 2309 dispensatrice
530 2232 574 2281 ea
597 2208 644 2281 de
663 2226 706 2281 re
727 2231 804 2282 non
824 2232 911 2281 raro
931 2213 1117 2308 conqueri.

147 2330 277 2423 Finita
302 2345 500 2445 aliquande
523 2340 795 2444 disputatione,
827 2348 962 2444 inqua
990 2346 1118 2423 defen·-

146 2502 271 2555 sorem
308 2500 376 2552 suu
406 2490 555 2553 texerat
577 2478 785 2575 praesidio,
821 2478 989 2574 publiea,
1020 2482 1119 2553 inter
1239 2492 1245 2511 ⁶

146 2608 491 2707 congratulandum,
507 2623 550 2683 ut
572 2631 655 2683 mus
678 2622 746 2699 est,
763 2608 869 2683 audit
889 2608 1118 2703 Brendeiius,

145 2749 214 2822 ilie
241 2748 352 2821 multi
389 2758 500 2845 atque
535 2744 709 2819 celebrati
746 2748 906 2819 nominis
938 2748 1117 2841 mertem,

145 2908 259 2981 agere
287 2884 400 2957 inedie
427 2881 632 2957 Gesnerum
664 2883 764 2957 diem
798 2886 960 2960 natalem
994 2910 1115 2964 suum.

144 3022 246 3097 ‘l’um
268 3021 333 3094 iile
354 3022 437 3093 inte
455 3021 598 3094 subito:
641 3019 718 3093 llic
737 3020 841 3095 eatae
861 3022 1008 3094 natulis
1029 3024 1114 3095 erit.

152 3156 211 3229 Ὧι
238 3156 375 3228 utores
397 3154 536 3251 ὤμω
559 3156 727 3229 Saeculo
754 3168 796 3229 et
818 3156 982 3229 Euboici
1006 3168 1114 3229 traa-

144 3289 327 3365 mendam
333 3286 503 3389 patiami
523 3314 655 3378 annus,
670 3290 942 3387 munimenque
958 3289 1054 3360 sr‘tm
1069 3296 1113 3385 ¹⁸).

145 3424 255 3499 Haee
269 3428 479 3521 praeseutia
497 3428 613 3499 animi
633 3440 671 3499 et
688 3428 889 3499 memoriae
907 3427 1113 3497 Gesnerum

125 3608 146 3663 it
192 3626 224 3703 ο)
246 3626 291 3684 Εχ
312 3626 399 3687 statii
420 3628 542 3689 sororiis
556 3650 608 3706 pro
630 3628 739 3689 Rutiiiu
762 3628 886 3699 Gallico,
908 3627 958 3684 tiu.
980 3623 1022 3702 [u.
1039 3626 1111 3689 195.

145 3728 226 3811 ..Μ
256 3730 329 3789 aare.
351 3730 373 3788 ι.
586 3724 592 3739 ‘

125 3803 151 3888 e
559 3910 569 3931 ,
915 3848 995 3919 n·
