2550 4590
554 270 809 345 ..20-

89 460 92 471 ·
203 466 272 543 per
306 459 401 541 quae
433 438 609 513 Vinmiao
640 410 835 537 tantopere
870 435 1180 534 adstringeretur,

144 618 146 623 ·
205 572 458 675 abrumperet,
499 587 542 648 ut
571 570 622 647 ad
647 574 730 647 loca
756 573 1000 647 deduceretur
1026 596 1093 663 ea,
1118 576 1182 661 in·

35 698 42 705 ι
164 750 167 757 ·
205 716 338 817 quibus
354 730 361 740 '
375 713 528 810 dignum
563 713 632 787 tali
665 715 814 808 ingenio
850 724 963 810 atque
1002 711 1185 787 doctrinm

203 848 389 923 tlsestmm
417 860 456 919 ct
476 845 639 945 amplior
660 843 756 919 bene
787 843 837 918 de'
855 846 974 918 literis
1003 844 1183 920 merendi?

202 986 361 1061 materia
383 983 618 1077 contingeret.
669 980 720 1054 Et
739 981 884 1055 solebat
908 982 978 1053 hoc
998 984 1183 1079 inprimis·

140 1112 148 1133 “
177 1184 180 1189 .
203 1120 363 1195 libenter
382 1140 560 1216 usurpare
573 1116 818 1206 sermonibus,
829 1138 898 1189 nec
914 1115 1028 1189 modo
1043 1102 1183 1215 provi-¹

205 1254 354 1331 dentiae
369 1253 519 1328 divinae
538 1252 587 1325 de
608 1276 649 1327 se
669 1265 747 1326 tam
767 1251 1037 1326 bene-meritae
1062 1274 1174 1350 prae—

206 1394 385 1469 dicandae
403 1414 525 1483 causa,
539 1391 608 1485 sed
627 1393 752 1483 etiam,
765 1405 809 1466 ut
822 1392 1184 1466 aliosconfinnnreo

38 1570 44 1585 =
157 1516 244 1604 'ct
257 1552 387 1603 eorum
401 1551 509 1628 spem
523 1527 572 1601 ad
586 1528 687 1601 illius
698 1528 959 1626 providentiae
972 1526 1180 1620 benignam

203 1668 427 1767 sapientiam
464 1676 714 1754 converteret,
752 1665 846 1737 nibil
880 1663 954 1737 sibi
990 1664 1184 1751 omniurn,

174 1808 177 1815 '
204 1822 300 1899 quae
320 1801 447 1873 animo
474 1821 543 1873 suo
559 1768 639 1872 'sibi
663 1796 883 1872 destinasset
909 1808 948 1870 et
975 1798 1017 1871 iu
1037 1818 1180 1891 magna

202 1902 390 2007 lolintatis
414 1943 521 2029 parte
541 1933 765 2030 expetisset,
798 1935 918 2032 (quae
937 1930 1057 2005 multa
1076 1930 1180 2005 milri

203 2090 274 2167 pm
292 2067 428 2141 multas
450 2068 672 2157 occasiones,
693 2069 807 2140 ctiam
828 2090 913 2141 mea
932 2090 1054 2152 causa,
1070 2078 1180 2141 com-1

203 2193 463 2299 memorabat)
489 2203 702 2296 contigisse,
724 2199 793 2275 sed
809 2203 936 2277 omnio
955 2204 1049 2291 alia,
1068 2205 1181 2277 votis

203 2345 346 2417 suinae
376 2364 445 2440 spe
472 2344 627 2416 maiora
684 2342 728 2416 In
749 2343 883 2442 quibus
912 2347 1082 2442 maxime
1102 2350 1181 2444 poi

62 2576 66 2582 .
131 2526 136 2535 -
201 2456 315 2551 nebat
340 2476 449 2551 illum
473 2473 729 2550 Vinarienscm
759 2500 896 2552 cesum.
953 2479 1050 2553 Nam
1070 2502 1179 2555 more

203 2625 269 2717 tuo
290 2606 492 2687 Guilielmo
514 2612 673 2686 Ernesto
694 2615 818 2705 Duce,
845 2638 927 2688 cum
947 2615 1178 2692 Marescbab

203 2747 262 2819 lus
283 2745 332 2819 ab
352 2743 673 2821 administratione
695 2748 921 2847 reipublicae
948 2763 1176 2842 summotus,

202 2884 402 2982 mtdtique,
425 2884 478 2956 vut
505 2884 563 2973 lit,
598 2907 674 2957 una
699 2885 782 2958 loco
808 2888 907 2986 pulsi
931 2900 1072 2978 essent,
1104 2893 1176 2989 qui

203 3020 283 3093 cius
312 3021 431 3114 gratia
451 3020 573 3093 locum
599 3043 708 3094 suurn
737 3021 1001 3114 obtinuissent,
1028 3028 1176 3103 malum

201 3134 297 3227 illud
323 3155 439 3229 etiam
459 3153 665 3229 Gesnerum
696 3158 848 3252 contigit
872 3171 1021 3255 praeter
1048 3162 1174 3258 ipsius

202 3298 242 3359 et
261 3290 427 3362 omnium
447 3292 673 3387 opinionem.
700 3291 848 3365 Etenim
870 3296 924 3367 ita
943 3297 1057 3368 etiarn
1076 3300 1174 3372 novi

201 3424 380 3522 principis
411 3429 532 3520 gratia
555 3426 748 3518 llorucrat,
781 3441 824 3501 ut
854 3454 939 3503 eum
962 3444 1067 3504 ‚certe
1093 3435 1173 3527 sal-¹

200 3583 290 3635 vum
319 3585 466 3653 omnes,
498 3564 608 3661 multi
636 3568 750 3639 etiam
779 3568 1055 3643 honoratiorem
1088 3572 1174 3647 lore

201 3708 385 3792 putarent
430 3694 594 3771 Amabat
614 3701 788 3800 princeps
811 3702 955 3778 literas:
982 3728 1172 3781 commen-
