2550 4590
598 304 650 321 -··
697 269 777 341 -110
828 304 903 335 -,

248 456 410 535 quonuu
431 432 557 511 suedia
575 436 647 515 ille
670 434 869 527 subsidiis,
901 440 1124 519 mocritate
1152 460 1227 516 sua

247 568 408 643 aliunde.
421 570 652 668 impetratis,
683 569 958 647 constabilivitl
989 568 1092 662 Quot
1114 594 1227 672 pras-

247 707 333 783 lsuit
359 707 824 807 parentibuseducatores
858 709 1062 785 liheromm
1100 709 1225 788 bono·

247 856 289 917 et
316 842 542 918 laudabiles!
575 840 678 932 Quot
699 864 750 917 ex
777 845 878 917 illius
905 844 1225 945 disciplinante-

108 982 111 991 .
143 1066 147 1077 Ι
239 981 343 1099 Μ.
363 992 453 1055 ,unt
470 982 620 1053 mium
654 979 826 1054 doctores
864 980 1076 1063 liberalium
1111 1004 1224 1081 1¹¹³*

141 1100 144 1105 ¹
246 1118 406 1191 stantes!
440 1111 551 1205 Quot
584 1136 719 1210 magno
756 1115 981 1191 Germaniae
1017 1120 1221 1197 commodo

209 1318 212 1323 .
245 1255 328 1327 cius
358 1249 680 1324 commendatione
706 1248 853 1326 'admoti
881 1266 968 1327 suot
1000 1254 1222 1330 muneribus

136 1390 149 1453 ‘.
193 1382 196 1389 ’
244 1388 423 1489 pubddsl
462 1385 722 1479 Quamissmulti
757 1409 810 1462 ex
846 1389 952 1464 libris
985 1392 1089 1466 illiue
1125 1393 1219 1477 fecti

129 1519 134 1533 '
243 1537 334 1601 sumt
359 1538 400 1600 et
424 1524 615 1599 doctiores
644 1537 683 1599 et
711 1526 903 1599 meliores!
940 1525 1070 1617 ,Quam
1092 1532 1219 1607 multi

349 1665 435 1740 Deo
456 1662 597 1738 debent
616 1667 653 1739 ei
671 1664 889 1739 felicitatem
910 1644 1038 1757 suern,
1070 1669 1132 1744 vel
1150 1692 1218 1749 ax

242 1802 467 1904 ,aava
487 1784 721 1877 cromam!
752 1799 885 1877 oeteo
908 1804 998 1894 oce,
1033 1805 1218 1883 musve

242 1942 423 2016 mutantia
448 1938 513 2016 vel
541 1937 689 2015 invidia
717 1938 874 2015 verbol'
895 1940 971 2023 sed,
995 1942 1069 2015 hoc
1095 1946 1217 2042 ponis

242 2081 414 2153 coelestis
439 2076 657 2152 muneribus
684 2077 753 2166 iis,
795 2072 929 2174 quibus
961 2091 1120 2153 naturae
1147 2102 1216 2155 uo-

241 2226 342 2289 strac
362 2213 457 2286 nihil
477 2211 608 2285 domm
629 2223 688 2285 est
709 2210 888 2302 munius,
913 2211 1007 2287 nihil
1027 2216 1215 2291 excellen-

240 2352 349 2438 tius,
370 2344 506 2420 liccem
522 2358 574 2427 ‚et
599 2345 772 2441 religioni
802 2342 941 2439 debeo,
983 2350 1085 2446 quod
1112 2353 1214 2426 serio

240 2484 365 2575 oredo,
389 2478 460 2557 hac
480 2483 522 2557 in
542 2484 708 2558 vitame
727 2502 950 2580 non-posse,
977 2506 1092 2583 quem
1112 2508 1213 2578 sum,

239 2626 321 2696 lieri
349 2621 469 2695 multo
503 2620 717 2692 feliciorem.
782 2618 967 2709 Divitias,
1007 2622 1213 2720 ampliores

238 2761 419 2847 honores,
452 2757 572 2832 vitam
602 2754 808 2829 commodis
838 2769 1009 2830 ornatam
1037 2758 1213 2857 pluribus

237 2915 394 2993 possm
417 2893 595 2987 cogitare3
631 2890 698 2964 sed
721 2912 773 2964 ex
796 2888 855 2965 his
880 2891 1056 2966 omnibus
1076 2916 1211 2981 veram

238 3032 465 3120 felicitatem,
491 3052 565 3128 qua
586 3028 660 3102 Dei
679 3030 930 3102 munificentia
949 3029 1107 3125 gaudeo,
1142 3054 1210 3106 au·

237 3180 338 3245 ctum
357 3170 405 3243 iri
426 3166 489 3244 vel
511 3154 717 3254 tantilhun,
749 3185 825 3237 non
855 3163 977 3238 credo.
1029 3165 1107 3240 Sed
1136 3167 1211 3241 lroe

235 3312 379 3408 ipsum,
413 3304 593 3405 quidquid
614 3308 683 3394 sit,
714 3305 806 3391 sive.
819 3327 909 3385 vere
931 3317 970 3379 et
987 3317 1088 3379 recte
1110 3308 1209 3381 mihi

235 3444 307 3518 lroc
326 3439 592 3549 persuadeam,
625 3437 727 3537 quod
749 3458 862 3536 spero
876 3450 922 3513 -et
945 3438 1076 3531 credo;
1095 3442 1209 3531 sive,

237 3578 338 3680 quod
378 3590 503 3679 autern
547 3598 623 3650 non
665 3586 811 3665 metuo,
859 3574 1021 3649 iucundo
1066 3598 1211 3668 errore,

235 3738 347 3817 quem
384 3725 509 3790 temen
547 3735 593 3786 eo
628 3714 713 3812 ipso
720 3763 733 3803 ,
785 3696 888 3812 quod
927 3713 1040 3789 nucis
1074 3715 1210 3819 iucun-
