2550 4590
433 234 780 323 '-256-

156 438 297 526 rrrdcae,
322 456 433 533 quam
456 446 581 509 tamen
602 432 824 511 laudaverat
844 439 887 511 in
906 437 1123 541 Aueria-u

156 572 301 673 Nempe
334 584 377 643 ut
413 582 515 644 amat
549 578 640 644 vera'
673 573 795 645 virtus
829 573 948 647 latere
986 580 1122 675 potin,

67 690 70 695 ¹
156 730 267 810 quam
291 706 472 803 conspici:
497 708 551 778 ita
572 707 806 781 ctiam-illiue
828 730 936 799 cura,
962 710 1011 810 †)
1033 736 1122 810 quae

154 867 226 945 pro
263 840 468 917 commodis
505 854 544 913 et
570 844 694 938 quiete
727 846 851 917 mariti
883 848 1012 944 primo
1043 849 1119 923 loeo

47 1002 53 1015 ·
154 979 381 1068 excubabat,
407 980 478 1053 boc
502 980 538 1050 ei
564 976 722 1069 bonum,
748 981 841 1053 clam
866 982 999 1074 illum,
1026 986 1118 1075 lecit,

156 1130 198 1190 nt
223 1114 347 1215 quoad
371 1113 485 1187 ferret
515 1112 689 1205 facultas,
721 1138 815 1213 quae
851 1118 1051 1195 turbatura
1079 1124 1119 1197 il·

77 1302 80 1309 ·
153 1251 227 1324 lina
252 1251 417 1322 munerun
442 1247 675 1339 uiderentur,
705 1266 817 1348 quam
843 1254 1060 1351 longissime
1082 1268 1123 1332 ai

153 1395 315 1463 verteret
344 1384 479 1457 omnia.
536 1383 811 1461 Documentum
839 1392 874 1463 ui
908 1412 1029 1467 unum
1057 1392 1117 1467 dc·

154 1520 264 1614 dero,
296 1521 406 1623 plura
437 1540 513 1597 non
538 1523 716 1620 requires.
772 1522 921 1622 Aliquis
956 1528 1116 1603 Geenero

153 1659 321 1735 maxime
340 1658 567 1731 necessarius
587 1657 696 1754 longe
715 1658 861 1757 lateque
882 1668 1116 1761 peregrinam

155 1794 221 1867 diu
245 1792 338 1866 nibil
362 1790 516 1865 dederat
540 1792 755 1867 litterarum.
800 1792 910 1883 Quod
931 1800 1114 1875 silentium

154 1950 288 2023 magna
313 1947 399 1999 cura
422 1926 524 2000 illius
550 1926 763 2001 incenderat
783 1931 965 2005 animum.
1019 1934 1114 2009 Aeci·

155 2061 212 2134 dit
236 2063 331 2133 inter
357 2060 462 2149 baec,
487 2072 530 2132 nt
555 2059 714 2133 Senatus
739 2061 884 2156 Regius,
911 2068 981 2161 qui
1008 2080 1113 2143 term

153 2192 445 2267 Hannoveranas
477 2195 589 2286 regit,
632 2194 836 2269 Gesrrerum
877 2197 930 2270 ad
963 2201 1112 2277 lustran-

153 2329 243 2403 dum
268 2324 455 2425 quoddam
480 2326 747 2425 paedagogium
773 2334 960 2433 mitteret,
986 2338 1030 2413 iu
1050 2360 1111 2437 qno

151 2464 285 2539 itinero
305 2462 482 2535 'comitem
501 2460 659 2535 babebat
677 2485 784 2537 suam
803 2462 1026 2544 caritatem.
1051 2472 1111 2545 llic

152 2610 194 2671 tu
211 2597 383 2686 vidisses,
410 2616 520 2692 qnam
540 2596 692 2692 pulchre
714 2596 781 2671 illa
801 2602 952 2691 curarit,
979 2626 1034 2677 ne
1051 2607 1108 2681 riri

152 2733 273 2821 illius,
304 2756 414 2830 quem
440 2735 646 2805 necessario
672 2732 822 2807 amabat
844 2741 1014 2833 coniux,
1046 2742 1109 2815 ulla

154 2855 364 2939 iniiceretur
388 2870 537 2939 mentio.
588 2866 672 2940 Non
698 2869 819 2943 solum
847 2870 1027 2971 hospites
1050 2892 1109 2951 eta·

153 3006 220 3076 tim
240 3001 456 3091 obsecravit,
483 3015 525 3075 ut
548 3026 589 3076 se
608 3006 677 3078 lroc
696 3005 900 3100 obligarent
921 3011 1107 3107 beneficio3

152 3140 218 3215 scd
251 3143 383 3230 etiam,
414 3143 559 3238 quoties
591 3141 830 3216 salutationes
863 3146 1109 3226 indicerentur

152 3278 320 3367 aliorum,
346 3290 410 3349 aut
435 3278 618 3349 Gesnerus
645 3276 692 3350 ad
720 3280 804 3352 illos
830 3299 932 3358 essct
956 3292 1106 3375 visurus,

195 3479 227 3561 ³)
248 3482 386 3540 blcmoria
405 3483 467 3539 ciui
488 3484 594 3561 legitur
614 3484 643 3540 in
666 3481 762 3561 lliogr.
783 3484 873 3543 dead.
892 3487 982 3551 Gott.
1006 3490 1104 3553 vdit

153 3604 217 3659 pag.
239 3584 396 3645 813—10‘2.
445 3582 504 3642 FR.
544 3598 549 3605 ·

194 3702 230 3777 †)
253 3700 320 3777 l’ag.
341 3699 409 3759 122.
