<?xml version="1.0" encoding="UTF-8"?>
<!DOCTYPE html PUBLIC "-//W3C//DTD XHTML 1.0 Transitional//EN"
    "http://www.w3.org/TR/xhtml1/DTD/xhtml1-transitional.dtd">
<html xmlns="http://www.w3.org/1999/xhtml" xml:lang="en" lang="en">
 <head>
  <title>
</title>
<meta http-equiv="Content-Type" content="text/html;charset=utf-8" />
  <meta name='ocr-system' content='tesseract 3.04.00' />
  <meta name='ocr-capabilities' content='ocr_page ocr_carea ocr_par ocr_line ocrx_word'/>
</head>
<body>
  <div class='ocr_page' id='page_1' title='image "./eloquentiumviro00frotgoog_0315.png"; bbox 0 0 2550 4590; ppageno 0'>
   <div class='ocr_carea' id='block_1_1' title="bbox 225 284 1235 3401">
    <p class='ocr_par' dir='ltr' id='par_1_1' title="bbox 225 284 1235 3401">
     <span class='ocr_line' id='line_1_1' title="bbox 614 284 845 355; baseline -0.009 -18"><span class='ocrx_word' id='word_1_1' title='bbox 614 326 665 337; x_wconf 79' lang='lat'><em>-</em></span> <span class='ocrx_word' id='word_1_2' title='bbox 717 284 741 355; x_wconf 86' lang='lat'>4</span> <span class='ocrx_word' id='word_1_3' title='bbox 793 322 845 335; x_wconf 88' lang='grc'><strong>...</strong></span> 
     </span>
     <span class='ocr_line' id='line_1_2' title="bbox 247 449 1221 553; baseline -0.01 -22"><span class='ocrx_word' id='word_1_4' title='bbox 247 458 335 532; x_wconf 61' lang='lat' dir='ltr'><strong>debe</strong></span> <span class='ocrx_word' id='word_1_5' title='bbox 363 468 534 529; x_wconf 68' lang='lat' dir='ltr'><strong>ueterem</strong></span> <span class='ocrx_word' id='word_1_6' title='bbox 561 455 702 553; x_wconf 72' lang='lat' dir='ltr'><strong>optimo</strong></span> <span class='ocrx_word' id='word_1_7' title='bbox 733 452 868 550; x_wconf 56' lang='lat' dir='ltr'><strong>cittene</strong></span> <span class='ocrx_word' id='word_1_8' title='bbox 902 449 1132 522; x_wconf 66' lang='lat' dir='ltr'><strong>simillimos:</strong></span> <span class='ocrx_word' id='word_1_9' title='bbox 1154 472 1221 522; x_wconf 82' lang='lat' dir='ltr'><strong>ne-</strong></span> 
     </span>
     <span class='ocr_line' id='line_1_3' title="bbox 247 586 1221 693; baseline -0.011 -27"><span class='ocrx_word' id='word_1_10' title='bbox 247 618 318 693; x_wconf 90' lang='lat' dir='ltr'><strong>que</strong></span> <span class='ocrx_word' id='word_1_11' title='bbox 344 590 385 664; x_wconf 89' lang='lat' dir='ltr'><strong>id</strong></span> <span class='ocrx_word' id='word_1_12' title='bbox 414 590 518 681; x_wconf 85' lang='lat' dir='ltr'><strong>Tibi,</strong></span> <span class='ocrx_word' id='word_1_13' title='bbox 553 602 618 663; x_wconf 89' lang='lat' dir='ltr'><strong>aut</strong></span> <span class='ocrx_word' id='word_1_14' title='bbox 647 589 838 687; x_wconf 81' lang='lat' dir='ltr'>cuiquam,</span> <span class='ocrx_word' id='word_1_15' title='bbox 866 588 930 684; x_wconf 93' lang='lat' dir='ltr'><strong>qui</strong></span> <span class='ocrx_word' id='word_1_16' title='bbox 957 586 1145 680; x_wconf 83' lang='lat' dir='ltr'><strong>ingenium</strong></span> <span class='ocrx_word' id='word_1_17' title='bbox 1179 597 1221 656; x_wconf 86' lang='lat' dir='ltr'><strong>et</strong></span> 
     </span>
     <span class='ocr_line' id='line_1_4' title="bbox 247 719 1221 820; baseline -0.008 -19"><span class='ocrx_word' id='word_1_18' title='bbox 247 728 454 801; x_wconf 81' lang='lat' dir='ltr'><strong>doctrinam</strong></span> <span class='ocrx_word' id='word_1_19' title='bbox 495 735 596 799; x_wconf 89' lang='lat' dir='ltr'><strong>reete</strong></span> <span class='ocrx_word' id='word_1_20' title='bbox 644 724 841 796; x_wconf 88' lang='lat' dir='ltr'><strong>aestimare</strong></span> <span class='ocrx_word' id='word_1_21' title='bbox 877 724 1016 820; x_wconf 81' lang='lat' dir='ltr'><strong>possit,</strong></span> <span class='ocrx_word' id='word_1_22' title='bbox 1058 719 1221 793; x_wconf 89' lang='lat' dir='ltr'><strong>‹lubium</strong></span> 
     </span>
     <span class='ocr_line' id='line_1_5' title="bbox 245 856 1222 951; baseline -0.011 -13"><span class='ocrx_word' id='word_1_23' title='bbox 245 862 406 938; x_wconf 76' lang='lat' dir='ltr'><strong>arbitror</strong></span> <span class='ocrx_word' id='word_1_24' title='bbox 434 859 568 936; x_wconf 86' lang='lat' dir='ltr'><strong>videri.</strong></span> <span class='ocrx_word' id='word_1_25' title='bbox 620 858 765 949; x_wconf 74' lang='lat' dir='ltr'><strong>Quodsi</strong></span> <span class='ocrx_word' id='word_1_26' title='bbox 790 857 876 931; x_wconf 83' lang='lat' dir='ltr'><strong>Tibi</strong></span> <span class='ocrx_word' id='word_1_27' title='bbox 911 860 1143 951; x_wconf 75' lang='lat' dir='ltr'><strong>contigisset,</strong></span> <span class='ocrx_word' id='word_1_28' title='bbox 1174 856 1222 927; x_wconf 94' lang='lat' dir='ltr'><strong>il-</strong></span> 
     </span>
     <span class='ocr_line' id='line_1_6' title="bbox 248 990 1221 1091; baseline -0.008 -20"><span class='ocrx_word' id='word_1_29' title='bbox 248 1000 325 1071; x_wconf 93' lang='lat' dir='ltr'><strong>lum</strong></span> <span class='ocrx_word' id='word_1_30' title='bbox 356 1019 482 1070; x_wconf 90' lang='lat' dir='ltr'><strong>eoram</strong></span> <span class='ocrx_word' id='word_1_31' title='bbox 510 993 641 1069; x_wconf 69' lang='lat' dir='ltr'><strong>sidere</strong></span> <span class='ocrx_word' id='word_1_32' title='bbox 669 1007 708 1067; x_wconf 87' lang='lat' dir='ltr'><strong>et</strong></span> <span class='ocrx_word' id='word_1_33' title='bbox 735 994 893 1091; x_wconf 91' lang='lat' dir='ltr'><strong>alloqui,</strong></span> <span class='ocrx_word' id='word_1_34' title='bbox 922 1016 1007 1065; x_wconf 89' lang='lat' dir='ltr'><strong>eum</strong></span> <span class='ocrx_word' id='word_1_35' title='bbox 1039 1014 1085 1063; x_wconf 91' lang='lat' dir='ltr'><strong>eo</strong></span> <span class='ocrx_word' id='word_1_36' title='bbox 1116 990 1221 1063; x_wconf 87' lang='lat' dir='ltr'><strong>diem</strong></span> 
     </span>
     <span class='ocr_line' id='line_1_7' title="bbox 247 1126 1225 1225; baseline -0.009 -18"><span class='ocrx_word' id='word_1_37' title='bbox 247 1155 364 1207; x_wconf 90' lang='lat' dir='ltr'><strong>unum</strong></span> <span class='ocrx_word' id='word_1_38' title='bbox 391 1144 429 1204; x_wconf 91' lang='lat' dir='ltr'><strong>et</strong></span> <span class='ocrx_word' id='word_1_39' title='bbox 449 1132 607 1204; x_wconf 89' lang='lat' dir='ltr'><strong>alterum</strong></span> <span class='ocrx_word' id='word_1_40' title='bbox 633 1132 783 1225; x_wconf 83' lang='lat' dir='ltr'><strong>exigere</strong></span> <span class='ocrx_word' id='word_1_41' title='bbox 810 1130 1060 1217; x_wconf 86' lang='lat' dir='ltr'><strong>familiariter,</strong></span> <span class='ocrx_word' id='word_1_42' title='bbox 1086 1130 1140 1200; x_wconf 93' lang='lat' dir='ltr'><strong>ita</strong></span> <span class='ocrx_word' id='word_1_43' title='bbox 1165 1126 1225 1199; x_wconf 84' lang='lat' dir='ltr'><strong>Te</strong></span> 
     </span>
     <span class='ocr_line' id='line_1_8' title="bbox 241 1258 1225 1349; baseline -0.008 -10"><span class='ocrx_word' id='word_1_44' title='bbox 241 1266 435 1339; x_wconf 68' lang='lat' dir='ltr'><strong>adfectum]</strong></span> <span class='ocrx_word' id='word_1_45' title='bbox 463 1264 510 1337; x_wconf 90' lang='lat' dir='ltr'><strong>ab</strong></span> <span class='ocrx_word' id='word_1_46' title='bbox 545 1287 591 1334; x_wconf 91' lang='lat' dir='ltr'><strong>eo</strong></span> <span class='ocrx_word' id='word_1_47' title='bbox 624 1262 870 1336; x_wconf 82' lang='lat' dir='ltr'><strong>discessurum</strong></span> <span class='ocrx_word' id='word_1_48' title='bbox 910 1262 1025 1334; x_wconf 85' lang='lat' dir='ltr'><strong>fuisse</strong></span> <span class='ocrx_word' id='word_1_49' title='bbox 1059 1258 1225 1349; x_wconf 81' lang='lat' dir='ltr'><strong>conlido,</strong></span> 
     </span>
     <span class='ocr_line' id='line_1_9' title="bbox 247 1370 1227 1501; baseline -0.006 -22"><span class='ocrx_word' id='word_1_50' title='bbox 247 1417 291 1479; x_wconf 89' lang='lat' dir='ltr'><strong>ut</strong></span> <span class='ocrx_word' id='word_1_51' title='bbox 320 1370 498 1481; x_wconf 18' lang='lat' dir='ltr'><strong>nostrum.</strong></span> <span class='ocrx_word' id='word_1_52' title='bbox 524 1400 711 1501; x_wconf 89' lang='lat' dir='ltr'><strong>quondam</strong></span> <span class='ocrx_word' id='word_1_53' title='bbox 733 1401 899 1475; x_wconf 88' lang='lat' dir='ltr'><strong>Askeum</strong></span> <span class='ocrx_word' id='word_1_54' title='bbox 916 1402 968 1499; x_wconf 69' lang='lat'><strong>⁴),</strong></span> <span class='ocrx_word' id='word_1_55' title='bbox 999 1400 1227 1473; x_wconf 79' lang='lat' dir='ltr'><strong>Britannum</strong></span> 
     </span>
     <span class='ocr_line' id='line_1_10' title="bbox 248 1536 1225 1638; baseline -0.006 -25"><span class='ocrx_word' id='word_1_56' title='bbox 248 1541 293 1613; x_wconf 85' lang='lat' dir='ltr'><strong>V.</strong></span> <span class='ocrx_word' id='word_1_57' title='bbox 305 1538 345 1615; x_wconf 84' lang='lat' dir='ltr'><strong>C.</strong></span> <span class='ocrx_word' id='word_1_58' title='bbox 355 1540 400 1638; x_wconf 93' lang='lat'><strong>†)</strong></span> <span class='ocrx_word' id='word_1_59' title='bbox 417 1542 481 1637; x_wconf 92' lang='lat' dir='ltr'><strong>qui</strong></span> <span class='ocrx_word' id='word_1_60' title='bbox 497 1561 581 1611; x_wconf 90' lang='lat' dir='ltr'><strong>eum</strong></span> <span class='ocrx_word' id='word_1_61' title='bbox 601 1544 640 1611; x_wconf 92' lang='lat' dir='ltr'><strong>in</strong></span> <span class='ocrx_word' id='word_1_62' title='bbox 655 1541 950 1637; x_wconf 88' lang='lat' dir='ltr'><strong>peregrinatione</strong></span> <span class='ocrx_word' id='word_1_63' title='bbox 970 1536 1017 1610; x_wconf 91' lang='lat' dir='ltr'><strong>ab</strong></span> <span class='ocrx_word' id='word_1_64' title='bbox 1033 1558 1078 1608; x_wconf 92' lang='lat' dir='ltr'><strong>eo</strong></span> <span class='ocrx_word' id='word_1_65' title='bbox 1093 1536 1225 1610; x_wconf 85' lang='lat' dir='ltr'><strong>adme</strong></span> 
     </span>
     <span class='ocr_line' id='line_1_11' title="bbox 247 1672 1225 1773; baseline -0.006 -23"><span class='ocrx_word' id='word_1_66' title='bbox 247 1680 432 1766; x_wconf 84' lang='lat' dir='ltr'><strong>venisset,</strong></span> <span class='ocrx_word' id='word_1_67' title='bbox 468 1674 518 1749; x_wconf 87' lang='lat' dir='ltr'><strong>ad</strong></span> <span class='ocrx_word' id='word_1_68' title='bbox 543 1677 705 1773; x_wconf 82' lang='lat' dir='ltr'><strong>primam</strong></span> <span class='ocrx_word' id='word_1_69' title='bbox 734 1677 895 1747; x_wconf 89' lang='lat' dir='ltr'><strong>nominis</strong></span> <span class='ocrx_word' id='word_1_70' title='bbox 920 1673 1145 1747; x_wconf 85' lang='lat' dir='ltr'><strong>Gesneriani</strong></span> <span class='ocrx_word' id='word_1_71' title='bbox 1165 1672 1225 1769; x_wconf 71' lang='lat'><strong>⁸⁸)</strong></span> 
     </span>
     <span class='ocr_line' id='line_1_12' title="bbox 248 1778 1226 1903; baseline -0.007 -14"><span class='ocrx_word' id='word_1_72' title='bbox 248 1778 496 1903; x_wconf 88' lang='lat' dir='ltr'><strong>mentionem,</strong></span> <span class='ocrx_word' id='word_1_73' title='bbox 520 1816 560 1885; x_wconf 90' lang='lat' dir='ltr'><strong>in</strong></span> <span class='ocrx_word' id='word_1_74' title='bbox 580 1812 865 1886; x_wconf 64' lang='lat' dir='ltr'><strong>admirationem</strong></span> <span class='ocrx_word' id='word_1_75' title='bbox 894 1836 970 1885; x_wconf 90' lang='lat' dir='ltr'><strong>non</strong></span> <span class='ocrx_word' id='word_1_76' title='bbox 1004 1811 1120 1885; x_wconf 88' lang='lat' dir='ltr'><strong>modo</strong></span> <span class='ocrx_word' id='word_1_77' title='bbox 1153 1810 1226 1883; x_wconf 85' lang='lat' dir='ltr'><strong>du-</strong></span> 
     </span>
     <span class='ocr_line' id='line_1_13' title="bbox 248 1948 1225 2046; baseline -0.005 -19"><span class='ocrx_word' id='word_1_78' title='bbox 248 1954 407 2043; x_wconf 76' lang='lat' dir='ltr'><strong>ctrinae,</strong></span> <span class='ocrx_word' id='word_1_79' title='bbox 433 1951 499 2025; x_wconf 87' lang='lat' dir='ltr'><strong>sed</strong></span> <span class='ocrx_word' id='word_1_80' title='bbox 522 1952 783 2041; x_wconf 86' lang='lat' dir='ltr'><strong>humanitatis,</strong></span> <span class='ocrx_word' id='word_1_81' title='bbox 811 1952 877 2024; x_wconf 81' lang='lat' dir='ltr'><strong>secl</strong></span> <span class='ocrx_word' id='word_1_82' title='bbox 895 1954 1122 2046; x_wconf 76' lang='lat' dir='ltr'><strong>elegantiae,</strong></span> <span class='ocrx_word' id='word_1_83' title='bbox 1153 1948 1225 2023; x_wconf 83' lang='lat' dir='ltr'><strong>setl</strong></span> 
     </span>
     <span class='ocr_line' id='line_1_14' title="bbox 225 2090 1224 2188; baseline 0 -25"><span class='ocrx_word' id='word_1_84' title='bbox 225 2092 445 2165; x_wconf 79' lang='lat' dir='ltr'><strong>-suavitatis</strong></span> <span class='ocrx_word' id='word_1_85' title='bbox 469 2090 623 2178; x_wconf 79' lang='lat' dir='ltr'><strong>effusus,</strong></span> <span class='ocrx_word' id='word_1_86' title='bbox 653 2091 799 2177; x_wconf 80' lang='lat' dir='ltr'><strong>Talem,</strong></span> <span class='ocrx_word' id='word_1_87' title='bbox 820 2093 956 2188; x_wconf 86' lang='lat' dir='ltr'><strong>inquil,</strong></span> <span class='ocrx_word' id='word_1_88' title='bbox 978 2092 1102 2163; x_wconf 61' lang='lat' dir='ltr'><strong>otfrrtm</strong></span> <span class='ocrx_word' id='word_1_89' title='bbox 1123 2116 1224 2163; x_wconf 78' lang='lat' dir='ltr'><strong>norr-</strong></span> 
     </span>
     <span class='ocr_line' id='line_1_15' title="bbox 249 2224 1224 2325; baseline 0.002 -28"><span class='ocrx_word' id='word_1_90' title='bbox 249 2250 363 2325; x_wconf 79' lang='lat' dir='ltr'><strong>qoam</strong></span> <span class='ocrx_word' id='word_1_91' title='bbox 400 2224 487 2297; x_wconf 76' lang='lat' dir='ltr'><strong>mili.</strong></span> <span class='ocrx_word' id='word_1_92' title='bbox 546 2224 654 2297; x_wconf 85' lang='lat' dir='ltr'><strong>Adeo</strong></span> <span class='ocrx_word' id='word_1_93' title='bbox 688 2227 753 2297; x_wconf 89' lang='lat' dir='ltr'><strong>ille</strong></span> <span class='ocrx_word' id='word_1_94' title='bbox 786 2228 923 2320; x_wconf 85' lang='lat' dir='ltr'><strong>ingenii</strong></span> <span class='ocrx_word' id='word_1_95' title='bbox 959 2240 996 2300; x_wconf 91' lang='lat' dir='ltr'><strong>et</strong></span> <span class='ocrx_word' id='word_1_96' title='bbox 1028 2227 1224 2299; x_wconf 83' lang='lat' dir='ltr'><strong>doetrinae</strong></span> 
     </span>
     <span class='ocr_line' id='line_1_16' title="bbox 248 2356 1225 2453; baseline 0.003 -20"><span class='ocrx_word' id='word_1_97' title='bbox 248 2356 540 2453; x_wconf 85' lang='lat' dir='ltr'><strong>magnitudinem</strong></span> <span class='ocrx_word' id='word_1_98' title='bbox 572 2360 685 2431; x_wconf 89' lang='lat' dir='ltr'><strong>etiam</strong></span> <span class='ocrx_word' id='word_1_99' title='bbox 715 2363 880 2433; x_wconf 85' lang='lat' dir='ltr'><strong>extemis</strong></span> <span class='ocrx_word' id='word_1_100' title='bbox 909 2362 985 2434; x_wconf 89' lang='lat' dir='ltr'><strong>illis</strong></span> <span class='ocrx_word' id='word_1_101' title='bbox 1021 2362 1130 2434; x_wconf 86' lang='lat' dir='ltr'><strong>bonis</strong></span> <span class='ocrx_word' id='word_1_102' title='bbox 1161 2384 1225 2435; x_wconf 86' lang='lat' dir='ltr'><strong>ae·</strong></span> 
     </span>
     <span class='ocr_line' id='line_1_17' title="bbox 250 2492 1223 2598; baseline 0.006 -33"><span class='ocrx_word' id='word_1_103' title='bbox 250 2492 397 2591; x_wconf 88' lang='lat' dir='ltr'><strong>quabat.</strong></span> <span class='ocrx_word' id='word_1_104' title='bbox 448 2494 528 2588; x_wconf 87' lang='lat' dir='ltr'><strong>Ego</strong></span> <span class='ocrx_word' id='word_1_105' title='bbox 558 2506 682 2568; x_wconf 89' lang='lat' dir='ltr'><strong>autem</strong></span> <span class='ocrx_word' id='word_1_106' title='bbox 705 2498 893 2593; x_wconf 83' lang='lat' dir='ltr'><strong>quomodo</strong></span> <span class='ocrx_word' id='word_1_107' title='bbox 918 2521 994 2570; x_wconf 91' lang='lat' dir='ltr'><strong>non</strong></span> <span class='ocrx_word' id='word_1_108' title='bbox 1015 2501 1223 2598; x_wconf 85' lang='lat' dir='ltr'><strong>praecipuo</strong></span> 
     </span>
     <span class='ocr_line' id='line_1_18' title="bbox 250 2624 1224 2725; baseline 0.011 -28"><span class='ocrx_word' id='word_1_109' title='bbox 250 2637 289 2697; x_wconf 90' lang='lat' dir='ltr'><strong>et</strong></span> <span class='ocrx_word' id='word_1_110' title='bbox 315 2624 446 2699; x_wconf 85' lang='lat' dir='ltr'><strong>acerbo</strong></span> <span class='ocrx_word' id='word_1_111' title='bbox 475 2625 605 2699; x_wconf 89' lang='lat' dir='ltr'><strong>dolore</strong></span> <span class='ocrx_word' id='word_1_112' title='bbox 634 2633 824 2704; x_wconf 84' lang='lat' dir='ltr'><strong>exemeier</strong></span> <span class='ocrx_word' id='word_1_113' title='bbox 856 2635 894 2704; x_wconf 96' lang='lat' dir='ltr'><strong>in</strong></span> <span class='ocrx_word' id='word_1_114' title='bbox 930 2636 1038 2705; x_wconf 89' lang='lat' dir='ltr'><strong>istius</strong></span> <span class='ocrx_word' id='word_1_115' title='bbox 1078 2648 1224 2725; x_wconf 89' lang='lat' dir='ltr'><strong>morte,</strong></span> 
     </span>
     <span class='ocr_line' id='line_1_19' title="bbox 251 2760 1235 2866; baseline 0.011 -33"><span class='ocrx_word' id='word_1_116' title='bbox 251 2763 314 2858; x_wconf 88' lang='lat' dir='ltr'><strong>qui</strong></span> <span class='ocrx_word' id='word_1_117' title='bbox 336 2785 398 2835; x_wconf 90' lang='lat' dir='ltr'><strong>me</strong></span> <span class='ocrx_word' id='word_1_118' title='bbox 417 2760 706 2854; x_wconf 81' lang='lat' dir='ltr'><strong>adolescentem,</strong></span> <span class='ocrx_word' id='word_1_119' title='bbox 730 2786 773 2840; x_wconf 88' lang='lat' dir='ltr'><strong>ut</strong></span> <span class='ocrx_word' id='word_1_120' title='bbox 793 2771 954 2866; x_wconf 74' lang='lat' dir='ltr'><strong>priunum</strong></span> <span class='ocrx_word' id='word_1_121' title='bbox 974 2770 1083 2857; x_wconf 82' lang='lat' dir='ltr'><strong>vidit,</strong></span> <span class='ocrx_word' id='word_1_122' title='bbox 1110 2782 1150 2843; x_wconf 90' lang='lat' dir='ltr'><strong>et</strong></span> <span class='ocrx_word' id='word_1_123' title='bbox 1173 2770 1235 2845; x_wconf 85' lang='lat' dir='ltr'><strong>(le.</strong></span> 
     </span>
     <span class='ocr_line' id='line_1_20' title="bbox 252 2868 1224 2990; baseline 0.012 -25"><span class='ocrx_word' id='word_1_124' title='bbox 252 2892 368 2966; x_wconf 88' lang='lat' dir='ltr'><strong>literis</strong></span> <span class='ocrx_word' id='word_1_125' title='bbox 404 2868 550 2970; x_wconf 82' lang='lat' dir='ltr'><strong>meeum</strong></span> <span class='ocrx_word' id='word_1_126' title='bbox 579 2899 782 2973; x_wconf 83' lang='lat' dir='ltr'><strong>collocutus</strong></span> <span class='ocrx_word' id='word_1_127' title='bbox 822 2915 901 2990; x_wconf 90' lang='lat' dir='ltr'><strong>est,</strong></span> <span class='ocrx_word' id='word_1_128' title='bbox 937 2906 992 2975; x_wconf 88' lang='lat' dir='ltr'><strong>ita</strong></span> <span class='ocrx_word' id='word_1_129' title='bbox 1026 2902 1224 2979; x_wconf 63' lang='lat' dir='ltr'><strong>adamarit</strong></span> 
     </span>
     <span class='ocr_line' id='line_1_21' title="bbox 252 3028 1221 3133; baseline 0.015 -35"><span class='ocrx_word' id='word_1_130' title='bbox 252 3041 290 3099; x_wconf 88' lang='lat' dir='ltr'><strong>et</strong></span> <span class='ocrx_word' id='word_1_131' title='bbox 312 3028 492 3118; x_wconf 86' lang='lat' dir='ltr'><strong>laudavit,</strong></span> <span class='ocrx_word' id='word_1_132' title='bbox 513 3045 555 3104; x_wconf 90' lang='lat' dir='ltr'><strong>ut</strong></span> <span class='ocrx_word' id='word_1_133' title='bbox 570 3034 741 3107; x_wconf 84' lang='lat' dir='ltr'><strong>omnibus</strong></span> <span class='ocrx_word' id='word_1_134' title='bbox 761 3038 987 3133; x_wconf 82' lang='lat' dir='ltr'><strong>aequalibus,</strong></span> <span class='ocrx_word' id='word_1_135' title='bbox 1004 3042 1116 3111; x_wconf 89' lang='lat' dir='ltr'><strong>etiam</strong></span> <span class='ocrx_word' id='word_1_136' title='bbox 1134 3064 1221 3113; x_wconf 81' lang='lat' dir='ltr'><strong>etim</strong></span> 
     </span>
     <span class='ocr_line' id='line_1_22' title="bbox 252 3163 1222 3271; baseline 0.016 -38"><span class='ocrx_word' id='word_1_137' title='bbox 252 3163 397 3238; x_wconf 89' lang='lat' dir='ltr'><strong>invidia</strong></span> <span class='ocrx_word' id='word_1_138' title='bbox 413 3164 572 3263; x_wconf 88' lang='lat' dir='ltr'><strong>quadam</strong></span> <span class='ocrx_word' id='word_1_139' title='bbox 588 3190 667 3258; x_wconf 88' lang='lat' dir='ltr'><strong>sua,</strong></span> <span class='ocrx_word' id='word_1_140' title='bbox 680 3171 807 3267; x_wconf 88' lang='lat' dir='ltr'><strong>palam</strong></span> <span class='ocrx_word' id='word_1_141' title='bbox 819 3174 1040 3270; x_wconf 79' lang='lat' dir='ltr'><strong>praelenet3</strong></span> <span class='ocrx_word' id='word_1_142' title='bbox 1056 3198 1222 3271; x_wconf 84' lang='lat' dir='ltr'><strong>quocum</strong></span> 
     </span>
     <span class='ocr_line' id='line_1_23' title="bbox 251 3304 1223 3401; baseline 0.019 -30"><span class='ocrx_word' id='word_1_143' title='bbox 251 3314 326 3373; x_wconf 84' lang='lat' dir='ltr'><strong>tres</strong></span> <span class='ocrx_word' id='word_1_144' title='bbox 347 3304 452 3401; x_wconf 89' lang='lat' dir='ltr'><strong>ipsos</strong></span> <span class='ocrx_word' id='word_1_145' title='bbox 479 3326 596 3377; x_wconf 81' lang='lat' dir='ltr'><strong>arrnos</strong></span> <span class='ocrx_word' id='word_1_146' title='bbox 625 3310 664 3379; x_wconf 92' lang='lat' dir='ltr'><strong>in</strong></span> <span class='ocrx_word' id='word_1_147' title='bbox 689 3306 823 3380; x_wconf 84' lang='lat' dir='ltr'><strong>Schola</strong></span> <span class='ocrx_word' id='word_1_148' title='bbox 851 3309 1045 3384; x_wconf 84' lang='lat' dir='ltr'><strong>Thomana</strong></span> <span class='ocrx_word' id='word_1_149' title='bbox 1067 3316 1223 3389; x_wconf 83' lang='lat' dir='ltr'><strong>coniun-</strong></span> 
     </span>
    </p>
   </div>
   <div class='ocr_carea' id='block_1_2' title="bbox 294 3482 1221 3685">
    <p class='ocr_par' dir='ltr' id='par_1_2' title="bbox 294 3482 1221 3685">
     <span class='ocr_line' id='line_1_24' title="bbox 297 3482 1221 3573; baseline 0.022 -27"><span class='ocrx_word' id='word_1_150' title='bbox 297 3482 329 3561; x_wconf 71' lang='lat'><strong>“)</strong></span> <span class='ocrx_word' id='word_1_151' title='bbox 351 3488 384 3547; x_wconf 85' lang='lat' dir='ltr'><strong>ln</strong></span> <span class='ocrx_word' id='word_1_152' title='bbox 399 3492 491 3567; x_wconf 71' lang='lat' dir='ltr'><strong>prima</strong></span> <span class='ocrx_word' id='word_1_153' title='bbox 513 3492 559 3548; x_wconf 85' lang='lat' dir='ltr'><strong>ed.</strong></span> <span class='ocrx_word' id='word_1_154' title='bbox 577 3491 864 3573; x_wconf 76' lang='lat' dir='ltr'><strong>u.1762.seriptum</strong></span> <span class='ocrx_word' id='word_1_155' title='bbox 887 3511 951 3557; x_wconf 82' lang='lat' dir='ltr'><strong>eret</strong></span> <span class='ocrx_word' id='word_1_156' title='bbox 966 3498 1138 3561; x_wconf 66' lang='lat' dir='ltr'><strong>dulcerium.</strong></span> <span class='ocrx_word' id='word_1_157' title='bbox 1162 3506 1221 3565; x_wconf 71' lang='lat' dir='ltr'><strong>l&#39;lt„</strong></span> 
     </span>
     <span class='ocr_line' id='line_1_25' title="bbox 294 3606 1167 3685; baseline 0.014 -22"><span class='ocrx_word' id='word_1_158' title='bbox 294 3606 332 3683; x_wconf 53' lang='grc' dir='ltr'><strong>ψ)</strong></span> <span class='ocrx_word' id='word_1_159' title='bbox 353 3606 422 3685; x_wconf 78' lang='lat' dir='ltr'><strong>Peg.</strong></span> <span class='ocrx_word' id='word_1_160' title='bbox 440 3610 486 3665; x_wconf 79' lang='lat' dir='ltr'><strong>etl.</strong></span> <span class='ocrx_word' id='word_1_161' title='bbox 504 3606 607 3668; x_wconf 71' lang='lat' dir='ltr'><strong>Butae.</strong></span> <span class='ocrx_word' id='word_1_162' title='bbox 627 3608 700 3671; x_wconf 72' lang='lat'><strong>466.</strong></span> <span class='ocrx_word' id='word_1_163' title='bbox 1164 3614 1167 3621; x_wconf 80' lang='lat'>&#39;</span> 
     </span>
    </p>
   </div>
   <div class='ocr_carea' id='block_1_3' title="bbox 295 3720 980 3823">
    <p class='ocr_par' dir='ltr' id='par_1_3' title="bbox 295 3720 980 3823">
     <span class='ocr_line' id='line_1_26' title="bbox 295 3720 980 3823; baseline 0.02 -42"><span class='ocrx_word' id='word_1_164' title='bbox 295 3720 344 3799; x_wconf 68' lang='lat'><strong>⁸⁴)</strong></span> <span class='ocrx_word' id='word_1_165' title='bbox 366 3725 420 3785; x_wconf 72' lang='lat' dir='ltr'><strong>Fu.</strong></span> <span class='ocrx_word' id='word_1_166' title='bbox 441 3747 485 3803; x_wconf 76' lang='lat' dir='ltr'><strong>pr.</strong></span> <span class='ocrx_word' id='word_1_167' title='bbox 508 3728 686 3823; x_wconf 71' lang='lat' dir='ltr'><strong>literarium</strong></span> <span class='ocrx_word' id='word_1_168' title='bbox 704 3737 836 3794; x_wconf 76' lang='lat' dir='ltr'><strong>nominis.</strong></span> <span class='ocrx_word' id='word_1_169' title='bbox 921 3737 980 3795; x_wconf 84' lang='lat' dir='ltr'><strong>FR.</strong></span> 
     </span>
    </p>
   </div>
   <div class='ocr_carea' id='block_1_4' title="bbox 0 0 1283 4590">
    <p class='ocr_par' dir='ltr' id='par_1_4' title="bbox 0 0 1283 4590">
     <span class='ocr_line' id='line_1_27' title="bbox 0 0 1283 4590; baseline 0 0"><span class='ocrx_word' id='word_1_170' title='bbox 0 0 1283 4590; x_wconf 95' lang='lat' dir='ltr'><strong> </strong></span> 
     </span>
    </p>
   </div>
  </div>
 </body>
</html>
