2550 4590
527 296 579 311 ..
631 258 661 330 9
708 296 760 311 ....

223 426 343 503 Natus
382 438 440 502 est
470 450 569 503 anne
600 428 805 527 superioris
830 428 947 503 secali
980 450 1058 505 ano
1088 440 1127 505 et

147 570 391 665 nonagesimo
423 570 464 641 in
492 566 725 641 Franeeniae
747 566 845 642 villa
874 574 995 667 piepe
1017 566 1129 643 Norii

147 704 324 801 brigein,
352 700 422 776 sed
449 702 700 801 suspensuris
734 698 907 792 ditiora,
933 716 1043 801 patre
1072 704 1127 777 le.

149 840 346 929 Samuele,
376 840 442 937 qui
471 837 527 913 ibi
550 861 654 913 saera
679 836 841 929 satiebat
873 860 1009 935 magns
1038 856 1129 923 eam

148 976 358 1049 sanctitatis
402 972 524 1047 laude
580 973 706 1049 Huius
742 972 794 1049 de
821 975 1040 1051 maioribus:
1057 978 1129 1059 etsi

148 1110 246 1187 uait
274 1112 366 1183 certi
393 1122 551 1209 poss'um
576 1110 742 1203 nedae,
759 1109 1128 1212 undeplenumliat,

152 1270 205 1323 sn
223 1256 465 1343 cranma‘gne
486 1249 554 1323 ille
574 1246 747 1324 Conrado
762 1250 797 1348 *)
816 1272 1032 1325 eommunes
1053 1252 1128 1347 orie

147 1386 422 1485 ginesratister·
438 1384 626 1478 haliuerit3
651 1397 777 1459 tamen
804 1383 851 1460 ab
890 1409 936 1459 eo
972 1386 1129 1479 rnemiai

147 1520 249 1595 n'ilri
276 1528 381 1595 ante.
402 1522 542 1597 multos
564 1542 696 1597 armos
724 1522 855 1613 scribi,
883 1545 924 1599 se
960 1525 1129 1619 vestigiis

150 1658 376 1759 quibusdam
398 1683 444 1732 eo
466 1658 570 1749 duci,
584 1672 627 1735 ut
647 1659 695 1735 ab
719 1659 851 1737 eadem
870 1682 912 1735 se
936 1664 1054 1761 stirpe
1068 1682 1129 1737 or·

151 1796 452 1873 ttrm'erederete'
481 1799 608 1894 itaque
623 1860 626 1865 .
641 1818 719 1871 nen
751 1797 962 1889 dubitasse,
990 1796 1130 1875 Cema,

152 1935 250 2011 dum
273 1935 908 2035 imitari3.·quetuor.elementorum
926 1940 1070 2033 figuras.
1087 1942 1131 2015 in

154 2072 327 2173 spatalia
341 2070 539 2169 signandis
559 2072 795 2173 usurpando,
809 2076 1028 2172 praesertim
1042 2074 1131 2147 her·

154 2220 259 2283 terte
289 2209 348 2281 lo..
370 2206 507 2281 laedbd
531 2206 717 2298 (lanae,
748 2208 946 2303 Tigurirae
973 2206 1132 2283 schola·

156 2343 364 2419 clarissime
394 2348 623 2417 ornamento.
671 2341 758 2418 Hoc
790 2356 915 2419 autem
944 2342 1010 2415 ille
1038 2345 1129 2427 seri-

155 2490 288 2579 pserat
306 2477 522 2575 mihi,·quia
534 2478 588 2575 ⁸¹⁸)
605 2479 700 2552 vitio
719 2475 873 2550 dederat
894 2478 1131 2574 nescioquis,

156 2611 261 2711 qued
281 2634 328 2685 ee
357 2614 463 2707 signe
483 2623 670 2701 uteretur,
692 2613 753 2685 eui
779 2611 874 2683 nihil
893 2622 1042 2708 praeter
1064 2633 1132 2685 ne-

154 2774 248 2827 men
273 2772 358 2823 eum
383 2750 452 2823 illa
484 2748 629 2822 familia
656 2761 755 2821 esset
784 2770 997 2838 commune,
1021 2758 1133 2845 atque

153 2885 391 2979 arrogantiae
405 2896 444 2955 et
463 2885 643 2959 vanitatis
664 2885 815 2955 nomine
834 2882 1133 2981 reprehenderat

158 3020 212 3096 At
240 3020 306 3093 ille
333 3042 410 3093 nen
432 3041 528 3118 epus
557 3018 718 3094 habebat
737 3020 785 3093 ab
817 3021 892 3093 alio
914 3033 1041 3117 petere
1066 3043 1134 3095 no-
1229 3110 1234 3123 θ

158 3159 272 3231 ruinis
307 3157 531 3245 claritatem,
561 3158 625 3253 qui
659 3158 718 3229 sui
760 3158 844 3253 ipse
875 3158 1013 3250 ingenii
1050 3155 1132 3228 luce

155 3314 296 3366 nemen
324 3314 434 3365 suum
466 3293 558 3365 satis
586 3291 731 3363 illustre
756 3290 914 3362 fecisset
979 3289 1062 3363 Sed·
1083 3286 1132 3362 de

156 3430 288 3505 haere
313 3430 471 3517 certiora
490 3450 560 3501 suo
583 3440 753 3529 tempere
774 3424 916 3515 tradet,
942 3428 1005 3524 qui
1031 3428 1132 3503 vitas

201 3598 235 3682 ¹²)
258 3602 340 3661 Obiit
361 3600 466 3683 Tiguri
486 3622 514 3659 a.
537 3598 630 3665 1565.
715 3602 776 3663 PR.

198 3716 250 3799 ⁰⁸)
273 3720 327 3779 Ed.
348 3741 393 3797 pr.
413 3724 578 3803 scripserat
590 3732 769 3803 prepterea,
790 3720 872 3800 qaod
885 3720 965 3781 vitia.
1029 3720 1088 3781 tlt.
