2550 4590
509 228 569 309 '..
600 253 671 329 ‚45
721 294 774 308 ..

159 438 199 500 et
226 402 563 519 Brandeburgieam
599 423 795 499 historiam
829 396 1051 524 pertineret:
1068 472 1071 479 ·
1090 448 1131 501 er

158 586 253 663 quae
289 565 331 636 in
358 562 601 651 relationibus
638 561 686 636 de
715 563 821 637 libris
851 565 963 639 novis
994 583 1058 654 u,
1092 570 1129 640 a.

156 699 321 797 starique
346 699 389 783 in
416 697 632 803 prolrrsione
663 698 790 796 aliqua
820 697 868 771 de
890 700 1036 773 Rustici
1055 696 1131 777 imss

48 868 53 879 ⁴
155 834 253 937 parii
278 831 438 909 historia
462 804 602 928 scripta
633 843 740 921 sunt,
763 855 808 906 ea
835 855 927 907 vero
958 836 1014 907 ita
1036 858 1130 932 pro.-

155 969 246 1047 lm
264 962 377 1058 sunt,''
394 979 437 1041 ut
457 970 572 1041 etiam
605 971 878 1043 commentariis
900 967 1131 1047 Academiae

154 1106 456 1205 Petropolitanae
483 1107 742 1201 insererentur.
793 1104 988 1180 Habuerat
1012 1105 1129 1183 huius

113 1310 115 1314 .
154 1244 332 1323 scientiae
372 1238 565 1337 augendae
600 1240 871 1364 amplissimam
907 1241 1127 1319 facultatem

68 1480 70 1485 Ι
152 1383 195 1455 ia
212 1377 438 1455 bibliotheca
459 1375 689 1466 vinariensi,
712 1399 787 1474 qua
813 1378 886 1452 vix
908 1377 985 1450 alia
1006 1391 1065 1452 eat
1079 1380 1125 1453 ia

116 1606 121 1615 Ι
151 1516 225 1593 hoe
251 1538 385 1612 genere
410 1513 643 1612 lompletiorl
699 1512 886 1609 Attigerat
919 1516 1034 1589 etiam
1060 1516 1126 1606 iau

152 1652 265 1729 civite
299 1653 529 1740 Romanum,
563 1661 806 1748 praeceptore
848 1650 959 1725 Laut.
1002 1650 1126 1729 Andr.

10 1892 13 1897 Ι
60 1860 65 1873 ,
150 1782 427 1881 Hambergero,
455 1806 571 1882 quem.
604 1782 793 1858 Gravinae
831 1786 990 1880 origines
1024 1788 1125 1863 iuris

148 1926 456 2023 interpretantem
489 1923 602 1997 lenae
629 1921 808 1997 audierat
858 1921 988 2020 Neque
1015 1927 1158 2001 enim-

148 2061 362 2160 ignorabat‚
392 2083 506 2161 qnam
531 2060 654 2133 multa
681 2073 806 2136 essent
826 2062 867 2135 in
889 2060 994 2135 libris
1014 2059 1126 2139 Lau-

51 2212 79 2235 *
148 2188 229 2288 nis,
250 2221 344 2296 quae
367 2198 447 2269 sine
476 2197 569 2269 iuris
595 2194 698 2268 illius
718 2190 873 2271 seientia
894 2199 986 2271 saus
1006 2199 1124 2274 intel·

148 2335 214 2431 ligi
236 2345 275 2405 et
295 2330 478 2430 explicari
499 2351 577 2409 non
594 2342 758 2427 possent.

103 2482 106 2489 ’
224 2469 380 2547 latinae
401 2456 633 2564 eloquentiae
653 2489 730 2541 non
743 2479 1024 2567 praeceptorem
1037 2492 1123 2545 ma-

146 2607 203 2701 gis
224 2605 486 2693 excellentem,
502 2625 614 2702 quam
628 2604 847 2701 exemplum
864 2605 1118 2681 rectissimum

147 2755 187 2817 et
232 2740 481 2842 perpulerum'
528 2740 662 2831 fuisse,
714 2763 826 2815 nemo
875 2739 1119 2821 dubitaverit.

146 2873 350 2973 Praecepta
376 2871 523 2955 utendi
558 2895 634 2949 non
659 2875 808 2949 inutilia
834 2874 1011 2972 putabat,
1044 2879 1134 2959 sed,

145 3010 376 3089 inducenda
403 3013 596 3089 iuventute
624 3013 672 3084 iis
694 3034 805 3109 parce
828 3010 1007 3085 utendum
1027 3036 1118 3091 cen·

146 3148 268 3222 rebat:
292 3148 586 3246 admonebatque
613 3145 761 3221 assidtm
788 3170 893 3249 auos,
915 3171 963 3220 ne
993 3151 1034 3225 iu
1063 3153 1115 3225 iis

145 3303 318 3377 magnam
346 3250 452 3379 spem
479 3279 529 3353 ad
559 3279 652 3352 bene
682 3277 830 3353 (licendi
859 3303 903 3353 ac
923 3281 1114 3356 scribendi
1151 3334 1154 3339 -

145 3421 358 3495 facultatem
383 3431 582 3520 ponerent,
608 3415 675 3491 sed
702 3421 743 3492 in
764 3420 953 3516 exemplis
981 3423 1113 3517 potius

8 3646 11 3657 ,
144 3575 312 3635 accurate
340 3554 599 3658 cognoscendis
630 3568 668 3630 et
685 3558 727 3629 in
751 3558 1029 3653 exercitationis
1049 3528 1123 3632 ask.

145 3694 320 3769 uiduitate
352 3690 412 3767 et‘
425 3692 640 3767 constantia.
690 3692 942 3773 unitationem
977 3714 1110 3769 exem·
