2550 4590
572 297 622 332 -,-
674 257 725 330 60
776 298 826 312 ·-
933 282 951 330 .’
1024 292 1026 298 ’

218 428 306 518 bns,
319 427 569 527 quibusvelis
583 429 782 525 sepossis,
796 406 958 527 aliquid,
972 429 1035 505 vel
1058 432 1184 530 expli·

26 608 29 615 ·
147 564 150 569 ’
217 534 326 639 caudi
340 563 401 637 vel
419 561 780 679 illustrandieausa,
795 564 925 636 afferre
939 558 981 639 in
1001 565 1184 659 medium,

132 786 139 806 .·
217 678 328 798 tilam
350 708 479 772 omnes
502 698 713 771 htinitatis
738 701 865 797 copias
885 718 1095 792 recensere,
1115 702 1184 776 ubi

213 833 356 908 nullum
375 847 521 934 partem
547 835 842 931 praetermittere
868 836 1046 909 intactam
1082 836 1183 910 lieet

127 1047 129 1053 ,
213 966 266 1043 Et
283 973 318 1042 si
338 971 437 1042 uotis
448 968 600 1041 illorum
613 979 882 1042 contemtorem
896 968 1089 1044 detrahere
1115 994 1185 1046 ve-

5 1204 7 1209 ,
150 1124 152 1129 ·
213 1105 273 1197 lh,
287 1106 333 1205 †)
348 1101 502 1205 quaead
516 1102 665 1175 lexicon
677 1105 887 1201 pertineant
894 1104 1185 1196 ,⁴autelexieis,

77 1310 80 1321 .
131 1226 134 1231 ¹
213 1242 345 1316 sinon
369 1249 576 1339 aperte,1at
606 1236 738 1311 callide
767 1250 805 1311 et
830 1240 985 1311 nunno
1005 1238 1184 1337 quodem,
1226 1239 1228 1249 '

164 1358 171 1365 ’
212 1390 336 1453 sumta
356 1354 448 1465 aiut,
480 1396 575 1472 quae
601 1375 736 1472 reliqui
760 1397 906 1448 sununa
932 1375 1051 1449 lereti
1102 1375 1184 1451 Sati

71 1480 76 1493 Ι
213 1513 262 1591 d·
290 1537 336 1589 ea
363 1515 515 1611 reipsa
543 1509 662 1601 dixit,
693 1523 773 1584 tum
799 1514 841 1584 in
868 1512 1032 1586 thesauri
1062 1513 1122 1585 sui
1143 1513 1183 1610 ⁶)

153 1639 157 1645 ’
208 1651 462 1753 praefatione,
507 1659 588 1722 tum
629 1650 671 1720 in
706 1671 771 1738 ea,
805 1671 918 1747 quam
957 1649 1184 1724 Raiherieno

77 1845 80 1852 ,
210 1790 378 1885 uipsit,
400 1806 475 1883 qua
500 1785 614 1858 etiarn
632 1805 711 1858 non
737 1785 873 1860 leviter
898 1786 1077 1860 offensum
1098 1789 1183 1861 seio
1234 1844 1237 1849 .

181 1928 375 2026 ..liquem
416 1925 654 2014 vestratium3
689 1924 773 1999 sive
807 1927 863 1998 ita
901 1925 973 1998 sibi
1009 1929 1183 2002 conscius

211 2077 308 2156 erat,
329 2076 374 2137 ut
395 2060 444 2135 ad
465 2084 506 2136 se
528 2062 707 2151 traheret,
729 2083 824 2160 quae
843 2061 899 2134 ibi
920 2063 962 2135 in
984 2063 1182 2138 hauesen·

92 2218 94 2223 ·
164 2282 168 2295 ‚
209 2201 363 2277 tertiam
394 2194 494 2267 dieta
520 2206 726 2292 repererat,
755 2198 838 2271 sive
871 2200 974 2294 qtris,
1001 2212 1046 2272 ut
1081 2176 1180 2274 nunt

208 2336 352 2412 narrari
381 2332 555 2419 menrini,
578 2352 630 2404 ex
660 2331 730 2405 hae
760 2332 853 2405 urbe
880 2333 930 2407 ad
958 2358 1044 2408 aum
1065 2338 1180 2410 mise·

208 2484 269 2549 rat
296 2468 493 2571 plagium,
513 2467 637 2556 illam,
668 2479 707 2540 et
734 2469 775 2540 iu
804 2491 891 2542 erun
917 2474 1057 2567 scripta
1091 2462 1178 2545 esse

208 2621 461 2714 persuaserat,
484 2632 578 2706 quae
598 2612 638 2680 in
661 2631 744 2682 eam
764 2621 910 2707 partem
924 2609 1024 2683 dicta
1038 2625 1177 2684 esseut.

208 2751 284 2827 Sed
316 2750 406 2823 haec
429 2745 476 2818 de
495 2747 642 2840 ingenio
661 2746 835 2836 Gesneri,
851 2745 1019 2822 doctrina
1041 2760 1081 2822 et
1093 2773 1177 2823 me·

207 2891 294 2964 litis
314 2890 354 2959 in
375 2888 522 2973 literas,
554 2883 654 2957 dicta
674 2899 800 2958 sunto:
831 2886 880 2959 ad
902 2891 1069 2963 animum
1090 2893 1175 2965 eins

126 3002 129 3007 ⁴
206 3046 400 3122 moresque
422 3025 633 3099 variamus:
658 3047 752 3120 quae
773 3047 860 3122 pars
880 3029 992 3099 etiam
1006 3027 1177 3125 pulcrior

69 3216 73 3231 .
206 3172 246 3235 et
270 3158 491 3248 iucundior,
538 3159 611 3231 nisi
642 3159 878 3235 vehementer
904 3162 1032 3252 fallor,
1063 3187 1177 3263 repe-

205 3300 330 3371 rieurr.

247 3514 285 3599 †)
311 3518 381 3620 ΡΨ
402 3512 476 3589 492.

226 3633 280 3718 ,“)
301 3637 392 3697 libert
411 3654 567 3712 pronomen
581 3634 617 3692 ab
638 3636 683 3693 ad.
704 3654 748 3713 pr.
769 3648 800 3696 et
830 3651 896 3715 port
911 3659 975 3699 voe.
991 3639 1173 3702 Reihsriano

49 3776 64 3817 „;
203 3738 333 3798 solitum
352 3746 410 3796 est:
432 3737 578 3796 thesauro.
620 3734 679 3794 Fa.
