<?xml version="1.0" encoding="UTF-8"?>
<!DOCTYPE html PUBLIC "-//W3C//DTD XHTML 1.0 Transitional//EN"
    "http://www.w3.org/TR/xhtml1/DTD/xhtml1-transitional.dtd">
<html xmlns="http://www.w3.org/1999/xhtml" xml:lang="en" lang="en">
 <head>
  <title>
</title>
<meta http-equiv="Content-Type" content="text/html;charset=utf-8" />
  <meta name='ocr-system' content='tesseract 3.04.00' />
  <meta name='ocr-capabilities' content='ocr_page ocr_carea ocr_par ocr_line ocrx_word'/>
</head>
<body>
  <div class='ocr_page' id='page_1' title='image "./eloquentiumviro00frotgoog_0123.png"; bbox 0 0 2550 4590; ppageno 0'>
   <div class='ocr_carea' id='block_1_1' title="bbox 246 272 1212 538">
    <p class='ocr_par' dir='ltr' id='par_1_1' title="bbox 246 272 1212 538">
     <span class='ocr_line' id='line_1_1' title="bbox 586 272 866 351; baseline 0.011 -6"><span class='ocrx_word' id='word_1_1' title='bbox 586 312 637 329; x_wconf 88' lang='lat'>—</span> <span class='ocrx_word' id='word_1_2' title='bbox 687 272 763 348; x_wconf 27' lang='lat'>⁴1⁰4</span> <span class='ocrx_word' id='word_1_3' title='bbox 798 312 866 351; x_wconf 61' lang='lat'>,-</span> 
     </span>
     <span class='ocr_line' id='line_1_2' title="bbox 246 434 1212 538; baseline 0 -24"><span class='ocrx_word' id='word_1_4' title='bbox 246 434 494 514; x_wconf 48' lang='lat' dir='ltr'>antemnae</span> <span class='ocrx_word' id='word_1_5' title='bbox 521 442 695 530; x_wconf 68' lang='lat' dir='ltr'>memsam</span> <span class='ocrx_word' id='word_1_6' title='bbox 714 441 798 514; x_wconf 94' lang='lat' dir='ltr'>illi</span> <span class='ocrx_word' id='word_1_7' title='bbox 814 443 925 515; x_wconf 85' lang='lat' dir='ltr'>sexui</span> <span class='ocrx_word' id='word_1_8' title='bbox 953 439 1145 538; x_wconf 77' lang='lat' dir='ltr'>adsignata</span> <span class='ocrx_word' id='word_1_9' title='bbox 1171 446 1212 514; x_wconf 86' lang='lat' dir='ltr'>&#39;et</span> 
     </span>
    </p>
   </div>
   <div class='ocr_carea' id='block_1_2' title="bbox 132 568 1212 676">
    <p class='ocr_par' dir='ltr' id='par_1_2' title="bbox 132 568 1212 676">
     <span class='ocr_line' id='line_1_3' title="bbox 132 568 1212 676; baseline -0.002 -22"><span class='ocrx_word' id='word_1_10' title='bbox 132 582 139 611; x_wconf 76' lang='lat'><strong><em>“</em></strong></span> <span class='ocrx_word' id='word_1_11' title='bbox 244 579 418 676; x_wconf 65' lang='lat' dir='ltr'>prepi-im·</span> <span class='ocrx_word' id='word_1_12' title='bbox 441 575 765 652; x_wconf 78' lang='lat' dir='ltr'>adsuefaciendam</span> <span class='ocrx_word' id='word_1_13' title='bbox 796 591 1009 671; x_wconf 77' lang='lat' dir='ltr'>curaverat·</span> <span class='ocrx_word' id='word_1_14' title='bbox 1056 576 1101 653; x_wconf 88' lang='lat' dir='ltr'>ln</span> <span class='ocrx_word' id='word_1_15' title='bbox 1123 568 1212 676; x_wconf 85' lang='lat' dir='ltr'>¹qun</span> 
     </span>
    </p>
   </div>
   <div class='ocr_carea' id='block_1_3' title="bbox 145 715 1264 1620">
    <p class='ocr_par' dir='ltr' id='par_1_3' title="bbox 145 715 1264 1620">
     <span class='ocr_line' id='line_1_4' title="bbox 244 715 1213 811; baseline 0.004 -27"><span class='ocrx_word' id='word_1_16' title='bbox 244 723 343 784; x_wconf 80' lang='lat' dir='ltr'>certe</span> <span class='ocrx_word' id='word_1_17' title='bbox 371 715 518 811; x_wconf 86' lang='lat' dir='ltr'>utrique</span> <span class='ocrx_word' id='word_1_18' title='bbox 544 718 713 788; x_wconf 88' lang='lat' dir='ltr'>maxime</span> <span class='ocrx_word' id='word_1_19' title='bbox 739 716 947 795; x_wconf 85' lang='lat' dir='ltr'>consultum</span> <span class='ocrx_word' id='word_1_20' title='bbox 968 717 1050 789; x_wconf 82' lang='lat' dir='ltr'>fuit</span> <span class='ocrx_word' id='word_1_21' title='bbox 1100 716 1213 790; x_wconf 85' lang='lat' dir='ltr'>Pater</span> 
     </span>
     <span class='ocr_line' id='line_1_5' title="bbox 244 847 1212 939; baseline 0.005 -20"><span class='ocrx_word' id='word_1_22' title='bbox 244 848 344 920; x_wconf 76' lang='lat' dir='ltr'>enin</span> <span class='ocrx_word' id='word_1_23' title='bbox 372 847 551 939; x_wconf 80' lang='lat' dir='ltr'>hahebat,</span> <span class='ocrx_word' id='word_1_24' title='bbox 573 853 632 923; x_wconf 83' lang='lat' dir='ltr'>cui</span> <span class='ocrx_word' id='word_1_25' title='bbox 654 849 1013 925; x_wconf 62' lang='lat' dir='ltr'>administratione</span> <span class='ocrx_word' id='word_1_26' title='bbox 1035 849 1212 924; x_wconf 88' lang='lat' dir='ltr'>domesti-</span> 
     </span>
     <span class='ocr_line' id='line_1_6' title="bbox 183 987 1211 1085; baseline 0.005 -30"><span class='ocrx_word' id='word_1_27' title='bbox 183 1022 195 1055; x_wconf 86' lang='lat'>·.</span> <span class='ocrx_word' id='word_1_28' title='bbox 245 1005 310 1085; x_wconf 83' lang='lat' dir='ltr'>eae</span> <span class='ocrx_word' id='word_1_29' title='bbox 351 987 556 1058; x_wconf 75' lang='lat' dir='ltr'>rectissime</span> <span class='ocrx_word' id='word_1_30' title='bbox 586 989 887 1061; x_wconf 76' lang='lat' dir='ltr'>eommittereuir.</span> <span class='ocrx_word' id='word_1_31' title='bbox 944 987 1044 1061; x_wconf 82' lang='lat' dir='ltr'>Filia</span> <span class='ocrx_word' id='word_1_32' title='bbox 1073 1000 1211 1077; x_wconf 85' lang='lat' dir='ltr'>autem,</span> 
     </span>
     <span class='ocr_line' id='line_1_7' title="bbox 245 1115 1212 1218; baseline 0.003 -28"><span class='ocrx_word' id='word_1_33' title='bbox 245 1115 315 1215; x_wconf 68' lang='lat' dir='ltr'>pre</span> <span class='ocrx_word' id='word_1_34' title='bbox 343 1121 482 1216; x_wconf 87' lang='lat' dir='ltr'>pietate</span> <span class='ocrx_word' id='word_1_35' title='bbox 503 1121 544 1192; x_wconf 91' lang='lat' dir='ltr'>in</span> <span class='ocrx_word' id='word_1_36' title='bbox 572 1134 717 1218; x_wconf 88' lang='lat' dir='ltr'>patrem</span> <span class='ocrx_word' id='word_1_37' title='bbox 745 1120 996 1216; x_wconf 70' lang='lat' dir='ltr'><strong>indulgentem</strong></span> <span class='ocrx_word' id='word_1_38' title='bbox 1023 1122 1212 1215; x_wconf 76' lang='lat' dir='ltr'>singulari,</span> 
     </span>
     <span class='ocr_line' id='line_1_8' title="bbox 246 1254 1213 1353; baseline 0.003 -28"><span class='ocrx_word' id='word_1_39' title='bbox 246 1266 284 1326; x_wconf 89' lang='lat' dir='ltr'>et</span> <span class='ocrx_word' id='word_1_40' title='bbox 311 1256 395 1351; x_wconf 87' lang='lat' dir='ltr'>ipsa</span> <span class='ocrx_word' id='word_1_41' title='bbox 422 1254 599 1344; x_wconf 88' lang='lat' dir='ltr'>habebat,</span> <span class='ocrx_word' id='word_1_42' title='bbox 627 1257 668 1327; x_wconf 94' lang='lat' dir='ltr'>in</span> <span class='ocrx_word' id='word_1_43' title='bbox 695 1278 768 1353; x_wconf 88' lang='lat' dir='ltr'>quo</span> <span class='ocrx_word' id='word_1_44' title='bbox 795 1255 868 1328; x_wconf 88' lang='lat' dir='ltr'>sibi</span> <span class='ocrx_word' id='word_1_45' title='bbox 893 1257 1061 1329; x_wconf 87' lang='lat' dir='ltr'>maxime</span> <span class='ocrx_word' id='word_1_46' title='bbox 1089 1256 1213 1353; x_wconf 74' lang='lat' dir='ltr'>plaee-</span> 
     </span>
     <span class='ocr_line' id='line_1_9' title="bbox 145 1389 1211 1487; baseline 0.006 -28"><span class='ocrx_word' id='word_1_47' title='bbox 145 1455 146 1459; x_wconf 74' lang='grc'>,</span> <span class='ocrx_word' id='word_1_48' title='bbox 245 1401 320 1477; x_wconf 88' lang='lat' dir='ltr'>ret,</span> <span class='ocrx_word' id='word_1_49' title='bbox 346 1412 460 1487; x_wconf 88' lang='lat' dir='ltr'>quum</span> <span class='ocrx_word' id='word_1_50' title='bbox 481 1402 519 1462; x_wconf 89' lang='lat' dir='ltr'>et</span> <span class='ocrx_word' id='word_1_51' title='bbox 540 1389 684 1466; x_wconf 88' lang='lat' dir='ltr'>levaret</span> <span class='ocrx_word' id='word_1_52' title='bbox 703 1393 783 1465; x_wconf 80' lang='lat' dir='ltr'>eius</span> <span class='ocrx_word' id='word_1_53' title='bbox 810 1406 933 1481; x_wconf 80' lang='lat' dir='ltr'>curas,</span> <span class='ocrx_word' id='word_1_54' title='bbox 960 1403 999 1463; x_wconf 87' lang='lat' dir='ltr'>et</span> <span class='ocrx_word' id='word_1_55' title='bbox 1018 1403 1211 1465; x_wconf 78' lang='lat' dir='ltr'>consuent-</span> 
     </span>
     <span class='ocr_line' id='line_1_10' title="bbox 246 1519 1264 1620; baseline 0.008 -29"><span class='ocrx_word' id='word_1_56' title='bbox 246 1519 334 1592; x_wconf 85' lang='lat' dir='ltr'>dine</span> <span class='ocrx_word' id='word_1_57' title='bbox 371 1543 440 1594; x_wconf 90' lang='lat' dir='ltr'>sna</span> <span class='ocrx_word' id='word_1_58' title='bbox 475 1534 586 1620; x_wconf 84' lang='lat' dir='ltr'>atque</span> <span class='ocrx_word' id='word_1_59' title='bbox 619 1522 795 1620; x_wconf 81' lang='lat' dir='ltr'>adloquio</span> <span class='ocrx_word' id='word_1_60' title='bbox 840 1547 926 1598; x_wconf 88' lang='lat' dir='ltr'>eum</span> <span class='ocrx_word' id='word_1_61' title='bbox 974 1523 1211 1599; x_wconf 77' lang='lat' dir='ltr'>exhilararet.</span> <span class='ocrx_word' id='word_1_62' title='bbox 1262 1566 1264 1571; x_wconf 95' lang='lat'>·</span> 
     </span>
    </p>
   </div>
   <div class='ocr_carea' id='block_1_4' title="bbox 42 1659 1211 1760">
    <p class='ocr_par' dir='ltr' id='par_1_4' title="bbox 42 1645 1211 1769">
     <span class='ocr_line' id='line_1_11' title="bbox 42 1659 1211 1760; baseline 0.003 -29"><span class='ocrx_word' id='word_1_63' title='bbox 42 1674 46 1691; x_wconf 73' lang='grc'><strong>“</strong></span> <span class='ocrx_word' id='word_1_64' title='bbox 246 1659 324 1732; x_wconf 79' lang='lat' dir='ltr'>Sed</span> <span class='ocrx_word' id='word_1_65' title='bbox 353 1670 624 1760; x_wconf 65' lang='lat' dir='ltr'>mmenneq&#39;ue</span> <span class='ocrx_word' id='word_1_66' title='bbox 652 1685 693 1736; x_wconf 90' lang='lat' dir='ltr'>se</span> <span class='ocrx_word' id='word_1_67' title='bbox 721 1663 788 1736; x_wconf 90' lang='lat' dir='ltr'>tali</span> <span class='ocrx_word' id='word_1_68' title='bbox 815 1663 901 1737; x_wconf 82' lang='lat' dir='ltr'>&#39;filia</span> <span class='ocrx_word' id='word_1_69' title='bbox 928 1664 1020 1743; x_wconf 86' lang='lat' dir='ltr'>satis</span> <span class='ocrx_word' id='word_1_70' title='bbox 1048 1661 1211 1752; x_wconf 70' lang='lat' dir='ltr'>beatmn,</span> 
     </span>
    </p>
   </div>
   <div class='ocr_carea' id='block_1_5' title="bbox 118 1795 1212 2033">
    <p class='ocr_par' dir='ltr' id='par_1_5' title="bbox 118 1778 1212 2033">
     <span class='ocr_line' id='line_1_12' title="bbox 118 1795 1211 1915; baseline -0.025 -36"><span class='ocrx_word' id='word_1_71' title='bbox 118 1815 135 1905; x_wconf 64' lang='lat' dir='ltr'><em>j</em></span> <span class='ocrx_word' id='word_1_72' title='bbox 247 1815 368 1892; x_wconf 80' lang='lat' dir='ltr'>neque</span> <span class='ocrx_word' id='word_1_73' title='bbox 394 1797 500 1869; x_wconf 91' lang='lat' dir='ltr'>illam</span> <span class='ocrx_word' id='word_1_74' title='bbox 515 1808 640 1915; x_wconf 23' lang='lat' dir='ltr'>&#39;patre‘</span> <span class='ocrx_word' id='word_1_75' title='bbox 654 1796 827 1906; x_wconf 84' lang='lat' dir='ltr'>theologe</span> <span class='ocrx_word' id='word_1_76' title='bbox 849 1795 997 1892; x_wconf 74' lang='lat' dir='ltr'>dignam</span> <span class='ocrx_word' id='word_1_77' title='bbox 1018 1799 1211 1871; x_wconf 68' lang='lat' dir='ltr'>existima.</span> 
     </span>
     <span class='ocr_line' id='line_1_13' title="bbox 247 1931 1212 2033; baseline 0.001 -27"><span class='ocrx_word' id='word_1_78' title='bbox 247 1931 329 2023; x_wconf 84' lang='lat' dir='ltr'>bat,</span> <span class='ocrx_word' id='word_1_79' title='bbox 350 1935 424 2007; x_wconf 87' lang='lat' dir='ltr'>nisi</span> <span class='ocrx_word' id='word_1_80' title='bbox 445 1937 581 2025; x_wconf 87' lang='lat' dir='ltr'>etiam,</span> <span class='ocrx_word' id='word_1_81' title='bbox 598 1957 692 2033; x_wconf 86' lang='lat' dir='ltr'>quos</span> <span class='ocrx_word' id='word_1_82' title='bbox 714 1935 871 2010; x_wconf 81' lang='lat' dir='ltr'>tenellae</span> <span class='ocrx_word' id='word_1_83' title='bbox 895 1935 1015 2009; x_wconf 86' lang='lat' dir='ltr'>adhuc</span> <span class='ocrx_word' id='word_1_84' title='bbox 1034 1934 1212 2008; x_wconf 85' lang='lat' dir='ltr'>informa-</span> 
     </span>
    </p>
   </div>
   <div class='ocr_carea' id='block_1_6' title="bbox 247 2067 1213 2298">
    <p class='ocr_par' dir='ltr' id='par_1_6' title="bbox 247 2067 1213 2298">
     <span class='ocr_line' id='line_1_14' title="bbox 248 2067 1213 2165; baseline 0.001 -23"><span class='ocrx_word' id='word_1_85' title='bbox 248 2081 355 2143; x_wconf 82' lang='lat' dir='ltr'><strong>verat</strong></span> <span class='ocrx_word' id='word_1_86' title='bbox 391 2091 520 2142; x_wconf 87' lang='lat' dir='ltr'>semus</span> <span class='ocrx_word' id='word_1_87' title='bbox 550 2092 664 2142; x_wconf 88' lang='lat' dir='ltr'>verae</span> <span class='ocrx_word' id='word_1_88' title='bbox 692 2071 900 2163; x_wconf 79' lang='lat' dir='ltr'>religionis,</span> <span class='ocrx_word' id='word_1_89' title='bbox 926 2071 955 2139; x_wconf 92' lang='lat' dir='ltr'>ii</span> <span class='ocrx_word' id='word_1_90' title='bbox 985 2067 1143 2165; x_wconf 89' lang='lat' dir='ltr'>denique</span> <span class='ocrx_word' id='word_1_91' title='bbox 1170 2071 1213 2143; x_wconf 91' lang='lat' dir='ltr'>in</span> 
     </span>
     <span class='ocr_line' id='line_1_15' title="bbox 247 2200 1212 2298; baseline 0.003 -27"><span class='ocrx_word' id='word_1_92' title='bbox 247 2203 424 2298; x_wconf 84' lang='lat' dir='ltr'>pietatem</span> <span class='ocrx_word' id='word_1_93' title='bbox 447 2201 627 2274; x_wconf 86' lang='lat' dir='ltr'>adversus</span> <span class='ocrx_word' id='word_1_94' title='bbox 648 2201 772 2272; x_wconf 87' lang='lat' dir='ltr'>Deum</span> <span class='ocrx_word' id='word_1_95' title='bbox 794 2221 923 2275; x_wconf 81' lang='lat' dir='ltr'>veram</span> <span class='ocrx_word' id='word_1_96' title='bbox 947 2209 986 2271; x_wconf 87' lang='lat' dir='ltr'>et</span> <span class='ocrx_word' id='word_1_97' title='bbox 1008 2219 1084 2271; x_wconf 90' lang='lat' dir='ltr'>non</span> <span class='ocrx_word' id='word_1_98' title='bbox 1110 2200 1212 2274; x_wconf 79' lang='lat' dir='ltr'>fuca-</span> 
     </span>
    </p>
   </div>
   <div class='ocr_carea' id='block_1_7' title="bbox 149 2334 1211 2570">
    <p class='ocr_par' dir='ltr' id='par_1_7' title="bbox 149 2334 1211 2570">
     <span class='ocr_line' id='line_1_16' title="bbox 247 2334 1210 2435; baseline 0 -26"><span class='ocrx_word' id='word_1_99' title='bbox 247 2348 325 2435; x_wconf 76' lang='lat' dir='ltr'>tam</span> <span class='ocrx_word' id='word_1_100' title='bbox 350 2335 592 2410; x_wconf 79' lang='lat' dir='ltr'>evaluissent:</span> <span class='ocrx_word' id='word_1_101' title='bbox 613 2334 655 2409; x_wconf 93' lang='lat' dir='ltr'>id</span> <span class='ocrx_word' id='word_1_102' title='bbox 676 2334 776 2433; x_wconf 87' lang='lat' dir='ltr'><strong>quod</strong></span> <span class='ocrx_word' id='word_1_103' title='bbox 804 2355 950 2408; x_wconf 86' lang='lat' dir='ltr'>summo</span> <span class='ocrx_word' id='word_1_104' title='bbox 972 2357 1056 2408; x_wconf 82' lang='lat' dir='ltr'>cum</span> <span class='ocrx_word' id='word_1_105' title='bbox 1074 2334 1210 2430; x_wconf 80' lang='lat' dir='ltr'>gaudie</span> 
     </span>
     <span class='ocr_line' id='line_1_17' title="bbox 149 2463 1211 2570; baseline 0.002 -27"><span class='ocrx_word' id='word_1_106' title='bbox 149 2463 151 2466; x_wconf 63' lang='grc'><strong>’</strong></span> <span class='ocrx_word' id='word_1_107' title='bbox 247 2470 386 2545; x_wconf 81' lang='lat' dir='ltr'>factum</span> <span class='ocrx_word' id='word_1_108' title='bbox 407 2470 736 2547; x_wconf 84' lang='lat' dir='ltr'>animadvertebat</span> <span class='ocrx_word' id='word_1_109' title='bbox 787 2471 917 2570; x_wconf 77' lang='lat' dir='ltr'>Talem</span> <span class='ocrx_word' id='word_1_110' title='bbox 942 2473 1041 2544; x_wconf 81' lang='lat' dir='ltr'>emm</span> <span class='ocrx_word' id='word_1_111' title='bbox 1063 2485 1100 2545; x_wconf 90' lang='lat' dir='ltr'>et</span> <span class='ocrx_word' id='word_1_112' title='bbox 1121 2472 1211 2545; x_wconf 87' lang='lat' dir='ltr'>&#39;sihi-</span> 
     </span>
    </p>
   </div>
   <div class='ocr_carea' id='block_1_8' title="bbox 18 2596 1211 2706">
    <p class='ocr_par' dir='ltr' id='par_1_8' title="bbox 18 2596 1211 2706">
     <span class='ocr_line' id='line_1_18' title="bbox 18 2596 1211 2706; baseline 0.003 -26"><span class='ocrx_word' id='word_1_113' title='bbox 18 2596 21 2601; x_wconf 53' lang='lat'>&#39;</span> <span class='ocrx_word' id='word_1_114' title='bbox 104 2671 107 2677; x_wconf 92' lang='lat'><em>.</em></span> <span class='ocrx_word' id='word_1_115' title='bbox 150 2606 155 2625; x_wconf 88' lang='lat'>&#39;</span> <span class='ocrx_word' id='word_1_116' title='bbox 247 2611 397 2706; x_wconf 82' lang='lat' dir='ltr'><strong>metipsi</strong></span> <span class='ocrx_word' id='word_1_117' title='bbox 428 2609 520 2682; x_wconf 91' lang='lat' dir='ltr'>olim</span> <span class='ocrx_word' id='word_1_118' title='bbox 552 2608 796 2685; x_wconf 80' lang='lat' dir='ltr'>hereditatem</span> <span class='ocrx_word' id='word_1_119' title='bbox 832 2632 965 2698; x_wconf 87' lang='lat' dir='ltr'>unam,</span> <span class='ocrx_word' id='word_1_120' title='bbox 1001 2609 1069 2682; x_wconf 87' lang='lat' dir='ltr'>sed</span> <span class='ocrx_word' id='word_1_121' title='bbox 1102 2611 1211 2705; x_wconf 85' lang='lat' dir='ltr'>longe</span> 
     </span>
    </p>
   </div>
   <div class='ocr_carea' id='block_1_9' title="bbox 179 2744 1210 2842">
    <p class='ocr_par' dir='ltr' id='par_1_9' title="bbox 179 2744 1210 2842">
     <span class='ocr_line' id='line_1_19' title="bbox 179 2744 1210 2842; baseline 0.002 -27"><span class='ocrx_word' id='word_1_122' title='bbox 179 2808 183 2815; x_wconf 89' lang='lat'><em>.</em></span> <span class='ocrx_word' id='word_1_123' title='bbox 247 2744 515 2842; x_wconf 80' lang='lat' dir='ltr'>amplissimam</span> <span class='ocrx_word' id='word_1_124' title='bbox 542 2757 580 2817; x_wconf 87' lang='lat' dir='ltr'>et</span> <span class='ocrx_word' id='word_1_125' title='bbox 611 2747 732 2817; x_wconf 86' lang='lat' dir='ltr'>omnis</span> <span class='ocrx_word' id='word_1_126' title='bbox 761 2744 977 2826; x_wconf 81' lang='lat' dir='ltr'>hereditatis</span> <span class='ocrx_word' id='word_1_127' title='bbox 1004 2748 1139 2834; x_wconf 86' lang='lat' dir='ltr'>instar,</span> <span class='ocrx_word' id='word_1_128' title='bbox 1163 2744 1210 2818; x_wconf 92' lang='lat' dir='ltr'>ab</span> 
     </span>
    </p>
   </div>
   <div class='ocr_carea' id='block_1_10' title="bbox 124 2879 1212 3794">
    <p class='ocr_par' dir='ltr' id='par_1_10' title="bbox 124 2879 1212 3794">
     <span class='ocr_line' id='line_1_20' title="bbox 246 2879 1212 2982; baseline -0.006 -25"><span class='ocrx_word' id='word_1_129' title='bbox 246 2896 403 2982; x_wconf 85' lang='lat' dir='ltr'>utreque</span> <span class='ocrx_word' id='word_1_130' title='bbox 429 2896 583 2981; x_wconf 85' lang='lat' dir='ltr'>parente</span> <span class='ocrx_word' id='word_1_131' title='bbox 611 2885 759 2959; x_wconf 83' lang='lat' dir='ltr'>venisse</span> <span class='ocrx_word' id='word_1_132' title='bbox 780 2905 1044 2979; x_wconf 85' lang='lat' dir='ltr'>saepenumero</span> <span class='ocrx_word' id='word_1_133' title='bbox 1063 2879 1212 2977; x_wconf 83' lang='lat' dir='ltr'>praedi-</span> 
     </span>
     <span class='ocr_line' id='line_1_21' title="bbox 248 3014 1210 3114; baseline 0 -23"><span class='ocrx_word' id='word_1_134' title='bbox 248 3017 373 3107; x_wconf 79' lang='lat' dir='ltr'>cahat,</span> <span class='ocrx_word' id='word_1_135' title='bbox 403 3041 521 3114; x_wconf 87' lang='lat' dir='ltr'>eoque</span> <span class='ocrx_word' id='word_1_136' title='bbox 549 3021 701 3090; x_wconf 86' lang='lat' dir='ltr'>nemine</span> <span class='ocrx_word' id='word_1_137' title='bbox 726 3019 801 3113; x_wconf 90' lang='lat' dir='ltr'>ipsi</span> <span class='ocrx_word' id='word_1_138' title='bbox 819 3019 1038 3089; x_wconf 86' lang='lat' dir='ltr'>memoriam</span> <span class='ocrx_word' id='word_1_139' title='bbox 1058 3014 1210 3109; x_wconf 88' lang='lat' dir='ltr'>illorum</span> 
     </span>
     <span class='ocr_line' id='line_1_22' title="bbox 246 3150 1209 3246; baseline -0.002 -17"><span class='ocrx_word' id='word_1_140' title='bbox 246 3154 516 3229; x_wconf 63' lang='lat' dir='ltr'>sanctissimam</span> <span class='ocrx_word' id='word_1_141' title='bbox 538 3177 637 3245; x_wconf 88' lang='lat' dir='ltr'>esse,</span> <span class='ocrx_word' id='word_1_142' title='bbox 664 3165 706 3228; x_wconf 92' lang='lat' dir='ltr'>ut</span> <span class='ocrx_word' id='word_1_143' title='bbox 735 3150 859 3228; x_wconf 90' lang='lat' dir='ltr'>verbis</span> <span class='ocrx_word' id='word_1_144' title='bbox 884 3173 960 3226; x_wconf 86' lang='lat' dir='ltr'>non</span> <span class='ocrx_word' id='word_1_145' title='bbox 986 3154 1209 3246; x_wconf 83' lang='lat' dir='ltr'>adfirmaret,</span> 
     </span>
     <span class='ocr_line' id='line_1_23' title="bbox 245 3288 1208 3389; baseline -0.002 -23"><span class='ocrx_word' id='word_1_146' title='bbox 245 3292 432 3386; x_wconf 81' lang='lat' dir='ltr'>lacrymae</span> <span class='ocrx_word' id='word_1_147' title='bbox 483 3288 644 3363; x_wconf 83' lang='lat' dir='ltr'>obortae</span> <span class='ocrx_word' id='word_1_148' title='bbox 685 3289 857 3364; x_wconf 84' lang='lat' dir='ltr'>disertius</span> <span class='ocrx_word' id='word_1_149' title='bbox 908 3291 1208 3389; x_wconf 85' lang='lat' dir='ltr'>comprobabant</span> 
     </span>
     <span class='ocr_line' id='line_1_24' title="bbox 246 3426 1209 3523; baseline 0.001 -25"><span class='ocrx_word' id='word_1_150' title='bbox 246 3426 408 3499; x_wconf 83' lang='lat' dir='ltr'>Felicem</span> <span class='ocrx_word' id='word_1_151' title='bbox 437 3447 528 3500; x_wconf 88' lang='lat' dir='ltr'>vem</span> <span class='ocrx_word' id='word_1_152' title='bbox 557 3426 669 3498; x_wconf 87' lang='lat' dir='ltr'>etiam</span> <span class='ocrx_word' id='word_1_153' title='bbox 687 3448 786 3498; x_wconf 86' lang='lat' dir='ltr'>nune</span> <span class='ocrx_word' id='word_1_154' title='bbox 799 3427 1022 3523; x_wconf 85' lang='lat' dir='ltr'>&#39;Emestinm</span> <span class='ocrx_word' id='word_1_155' title='bbox 1041 3426 1209 3499; x_wconf 75' lang='lat' dir='ltr'>nostrum</span> 
     </span>
     <span class='ocr_line' id='line_1_25' title="bbox 124 3561 1210 3660; baseline 0 -27"><span class='ocrx_word' id='word_1_156' title='bbox 124 3572 130 3583; x_wconf 82' lang='grc'><strong>“</strong></span> <span class='ocrx_word' id='word_1_157' title='bbox 246 3561 314 3633; x_wconf 88' lang='lat' dir='ltr'>tali</span> <span class='ocrx_word' id='word_1_158' title='bbox 349 3561 566 3635; x_wconf 85' lang='lat' dir='ltr'>educatione</span> <span class='ocrx_word' id='word_1_159' title='bbox 601 3570 645 3634; x_wconf 85' lang='lat' dir='ltr'>et¹</span> <span class='ocrx_word' id='word_1_160' title='bbox 681 3573 831 3660; x_wconf 82' lang='lat' dir='ltr'>accepta</span> <span class='ocrx_word' id='word_1_161' title='bbox 864 3575 902 3635; x_wconf 90' lang='lat' dir='ltr'>et</span> <span class='ocrx_word' id='word_1_162' title='bbox 930 3562 1026 3636; x_wconf 83' lang='lat' dir='ltr'>data</span> <span class='ocrx_word' id='word_1_163' title='bbox 1086 3562 1210 3648; x_wconf 70' lang='lat' dir='ltr'>llatae</span> 
     </span>
     <span class='ocr_line' id='line_1_26' title="bbox 246 3693 1210 3794; baseline 0 -26"><span class='ocrx_word' id='word_1_164' title='bbox 246 3693 404 3776; x_wconf 80' lang='lat' dir='ltr'>fructum</span> <span class='ocrx_word' id='word_1_165' title='bbox 435 3695 660 3774; x_wconf 66' lang='lat' dir='ltr'>seberritarum</span> <span class='ocrx_word' id='word_1_166' title='bbox 690 3696 958 3794; x_wconf 84' lang='lat' dir='ltr'>huncquoque</span> <span class='ocrx_word' id='word_1_167' title='bbox 987 3698 1090 3786; x_wconf 87' lang='lat' dir='ltr'>tulit,</span> <span class='ocrx_word' id='word_1_168' title='bbox 1124 3707 1210 3770; x_wconf 90' lang='lat' dir='ltr'>utut</span> 
     </span>
    </p>
   </div>
   <div class='ocr_carea' id='block_1_11' title="bbox 0 0 1282 4590">
    <p class='ocr_par' dir='ltr' id='par_1_11' title="bbox 0 0 1282 4590">
     <span class='ocr_line' id='line_1_27' title="bbox 0 0 1282 4590; baseline 0 0"><span class='ocrx_word' id='word_1_169' title='bbox 0 0 1282 4590; x_wconf 95' lang='lat' dir='ltr'> </span> 
     </span>
    </p>
   </div>
  </div>
 </body>
</html>
