2550 4590
205 230 701 329 '·-1‘ot-

71 423 252 497 lescentcs
266 424 413 522 optimi,
432 446 493 498 mo
505 423 696 499 calamitas
709 434 850 521 movet,
870 445 963 520 (piros
979 424 1044 498 ubi

69 559 253 656 primario
268 571 307 631 ct
327 559 408 631 sine
430 559 607 656 exemplo
628 570 869 656 praeceptore
892 558 1045 633 orbatos

70 694 282 792 conspici05
331 715 409 769 non
444 714 600 793 possum
622 695 742 791 [non]
788 696 877 793 quin
902 698 1045 791 ingenti

69 832 191 905 animi
214 853 299 934 cnon
322 816 602 930 perturbatione
626 832 868 908 vehementer
889 832 1045 919 defleam
1171 848 1176 860 ’

70 969 242 1045 fortunas
253 983 410 1047 vestras.
436 968 521 1061 Ubi,
537 983 602 1045 aut
614 970 775 1070 quondo,
789 995 919 1071 parem
929 938 1047 1062 (iraeff
1069 1069 1073 1080 .
1218 955 1221 963 ’

53 1106 137 1179 ·vio
159 1108 380 1202 mansuum
399 1105 619 1205 reperietisl
644 1130 728 1183 cunr
743 1129 816 1205 quo
831 1111 953 1183 omnis
968 1120 1045 1185 stu·
1071 1075 1092 1205 3
1235 1136 1240 1149 ·

71 1238 224 1317 diorum
244 1243 413 1354 suatitas
436 1255 475 1317 et
496 1256 687 1332 ventustas,
709 1246 876 1319 omnium
891 1247 1046 1320 -soculo-
1077 1223 1080 1250 ²

69 1402 158 1453 rum
188 1393 446 1457 consummata
473 1385 646 1478 cognitio,
675 1384 867 1480 utriusque
887 1362 1047 1479 ‚linguae
1077 1415 1085 1491 j.

71 1518 174 1591 nitor
193 1531 233 1592 et
254 1520 437 1615 elegantia
449 1523 653 1619 perierunt,
668 1531 707 1595 et
721 1520 865 1611 eodem,
878 1544 954 1618 quo
967 1523 1055 1623 ille,
1076 1496 1085 1517 ”

71 1654 259 1729 tumrrlata
287 1657 458 1754 sepulcro
484 1660 617 1733 iacent
681 1658 762 1734 lam
789 1659 899 1732 holin
919 1658 1047 1752 Lycei,
1120 1736 1125 1746 ,

70 1787 123 1863 ad
144 1789 247 1887 qnod
270 1791 375 1867 forna
395 1804 474 1869 tam
495 1794 650 1871 illustris
670 1791 772 1883 viri,
806 1815 902 1889 quae
924 1805 1048 1869 totum
1076 1826 1079 1833 ·

74 1923 206 1999 orbern
217 1927 455 2026 impleverat,
476 1928 640 2024 undique
661 1904 959 2017 concurrebatur,
975 1949 1049 2002 va·
1078 1998 1081 2008 ,

10 2058 30 2137 l
70 2061 256 2154 stitatcm;
292 2065 370 2139 iam
389 2063 494 2138 urbis
513 2065 637 2155 huius,
658 2084 753 2162 qnae
773 2083 849 2135 uno
872 2063 1049 2153 (saevio,

72 2220 186 2297 quiem
199 2201 342 2273 onmris
355 2209 565 2276 monstrare
577 2211 737 2298 poterat,
757 2221 872 2299 snpra
885 2200 1050 2296 reliquas

71 2335 220 2431 patriae
241 2346 391 2409 nostrae
404 2334 527 2426 urbes
549 2336 717 2433 hospites
739 2334 940 2430 alliciebat,
960 2337 1049 2409 soli-

72 2470 246 2547 tudinem
264 2476 454 2574 prospicio
475 2488 514 2547 et
535 2473 702 2572 deploro.
754 2450 995 2567 (lingentem
1012 2485 1053 2549 ct

71 2609 180 2685 nulla
208 2613 420 2686 seculorum
448 2611 716 2709 longinquitate
752 2608 1050 2685 exhauriendum

73 2745 266 2821 dolorem!
317 2722 551 2822 anternis¹
564 2747 727 2821 lacrimis
757 2744 965 2845 deflendam
995 2750 1049 2822 ia-

73 2885 236 2956 auram!
270 2870 374 2956 cuius
387 2879 604 2977 magnitudo
627 2879 717 2953 dnm
733 2882 849 2952 menti
863 2903 969 2953 meae
985 2879 1051 2954 ob-

73 3003 260 3108 versatur,
279 3032 418 3117 quanto
441 3020 567 3095 verius
588 3017 694 3107 nlilri,
718 2998 835 3117 'quarn
855 3016 925 3090 tibi
947 3018 1050 3108 olim,

72 3151 186 3227 beate
208 3151 367 3243 Graevi,
396 3175 480 3227 cum
500 3153 650 3251 parenti
668 3173 766 3242 meo,
793 3152 958 3224 fraterno
981 3149 1052 3223 tibi

73 3313 206 3367 amore
224 3288 379 3380 dilecto,
400 3311 548 3364 summo
569 3310 653 3361 eum
668 3289 785 3361 animi
802 3285 934 3361 dolore
952 3286 1054 3357 iusta

72 3428 324 3531 persolveres,
351 3424 495 3500 Metelli
524 3422 758 3500 Macedonici
791 3420 913 3498 verba-
938 3418 1053 3493 hodie

71 3590 162 3644 mea
175 3542 320 3655 facere,
350 3575 406 3655 et,
435 3549 614 3665 quantum
645 3563 809 3662 possim,
840 3559 1074 3634 exclamare'

72 3706 134 3781 las
154 3715 233 3795 ost,
275 3696 492 3779 Concmrite
513 3687 627 3794 cives,
651 3672 993 3793 concantantis
1015 3708 1052 3770 et
