2550 4590
439 247 700 351 &⁸3³-

81 422 133 497 de
146 418 340 521 praesidis
368 415 527 503 iudicio,
541 414 689 509 ingenio
719 417 972 493 et·voluntate
992 444 1059 522 pa-

79 562 157 637 rati
178 571 267 634 sunt
281 556 332 631 ad
344 579 425 635 rom
439 554 695 627 scholasticam
716 550 1058 635 administrandam.

79 695 208 775 Hiab
239 718 304 784 eo,
328 690 516 780 docendo,
539 688 746 779 monendo,
767 696 995 788 exercendo,
1008 700 1059 775 ad
1084 699 1092 711 '

79 833 126 911 id
152 853 271 929 genus
300 805 518 926 pror3inciae
553 825 647 899 bene
677 826 992 906 administrandae
1020 849 1058 915 et

82 988 214 1043 omnes
243 976 370 1063 partes
398 963 477 1033 eins
507 971 605 1034 recte
639 962 868 1058 peragendas
901 990 1058 1067 praepa·

80 1114 225 1179 rantur.
277 1098 328 1169 Et
356 1107 443 1168 sunt
468 1095 516 1167 iis
536 1097 637 1190 rogia
659 1094 898 1171 beneficentia
919 1105 1059 1201 stipen-

81 1238 153 1321 dia
186 1233 398 1307 constituta
455 1227 532 1301 Sed
561 1241 641 1303 tota
677 1231 839 1317 irrstjnrti
875 1238 972 1309 ratio
1008 1239 1056 1313 ab

81 1375 171 1473 ipso
187 1368 356 1445 Gesnero
371 1366 488 1437 literis
512 1367 719 1463 perscripta
732 1379 789 1447 est
804 1366 858 1462 t),
879 1392 947 1444 nec
959 1374 1058 1449 indi.

81 1519 149 1605 get
174 1506 342 1587 oratione
363 1513 501 1573 nostra.
552 1498 597 1611 Id
619 1512 744 1573 autern
767 1503 936 1599 pluribus
952 1511 1083 1585 seha..

83 1644 136 1719 lic
164 1639 277 1717 valde
308 1637 513 1735 profuisse,
540 1649 583 1708 ut
612 1658 680 1730 ego
707 1658 786 1709 non
814 1636 953 1732 (licam,
977 1645 1059 1722 'l'ua

83 1776 144 1853 ‘l'e
165 1786 299 1875 sponte
320 1772 479 1847 arbitror
500 1769 751 1843 indicaturum
773 1794 864 1847 esse.

166 1909 288 1985 Minus
312 1908 407 1981 felix
434 1906 506 1979 luit
528 1906 708 2002 inspectio
731 1906 960 2000 scholarum,
982 1933 1059 1991 non

84 2047 246 2137 Gesneri
266 2044 396 2142 culpa,
419 2043 482 2139 qui
515 2042 573 2113 sui
603 2041 748 2113 consilii
771 2045 917 2139 copiam
940 2051 1059 2129 omni.
1170 2096 1173 2101 .

82 2184 161 2277 *a
190 2193 228 2255 et
251 2144 471 2252 'doctoribus
508 2174 717 2255 scholarum
759 2189 796 2251 et
829 2182 1060 2261 curatoribus

83 2333 218 2423 patere
253 2316 423 2406 volebat,
446 2316 521 2389 illis
554 2317 596 2387 in
627 2313 785 2395 docendi
806 2320 969 2410 ratione,
1000 2324 1060 2399 lris

83 2462 133 2535 'm
164 2456 311 2531 delectu
340 2453 555 2542 doctorum,
590 2464 628 2524 et
663 2451 857 2528 doctorum
890 2459 1061 2553 ipsorum

85 2615 224 2693 opera,
244 2593 344 2679 vita,
357 2587 542 2677 moribus,
559 2585 757 2684 disciplina
775 2587 913 2663 idonea
933 2615 1061 2688 regen.

83 2730 163 2811 dis
214 2727 291 2803 Sed
319 2741 365 2803 et·
386 2725 599 2801 doctoribus
631 2725 759 2799 multis
774 2727 851 2801 ,ille
873 2731 958 2803 talis
980 2755 1062 2805 mo

75 2866 195 2943 nitor
222 2862 394 2955 magister
422 2882 500 2933 non
531 2857 642 2932 valde
672 2860 860 2955 placebat,
884 2876 922 2936 et
951 2868 1064 2942 ceteri

86 3000 226 3086 etiam,
256 3018 303 3070 ne
337 2999 397 3071 aui
424 2997 518 3071 iuris
552 2993 757 3068 deminutio
792 2999 913 3089 lieret,
957 2976 1070 3077 tirne-¹

85 3134 201 3211 bant:
229 3102 335 3231 quasi
361 3130 475 3239 alind,
493 3132 619 3209 ¹verius
650 3132 689 3205 et
715 3135 838 3207 maius
866 3136 926 3209 ius
954 3151 1063 3229 esset,

137 3386 170 3467 ⁸)
197 3388 299 3471 Progr.
326 3408 383 3469 quo
409 3400 474 3466 port
499 3387 617 3450 brevem
642 3391 838 3467 prolusionem
864 3390 900 3450 dc
909 3392 1067 3479 felicitato

90 3490 258 3553 mauron
280 3494 310 3549 a
332 3490 457 3565 remla,
485 3490 641 3552 seminare
664 3493 780 3568 ponor„
815 3496 906 3573 regna
930 3488 1067 3572 auspicio

58 3596 128 3657 dn
143 3594 234 3653 dead.
253 3593 362 3675 θεοῖς.
377 3595 452 3675 Aug.
470 3596 597 3670 conditi,
617 3597 694 3654 ratio
714 3597 889 3655 declaratur.
933 3594 1067 3681 Gottinss.
1108 3670 1111 3677 Ι

93 3693 193 3761 1738.
213 3688 246 3757 ’4.
289 3694 428 3778 (Gesner.
443 3697 550 3775 Opucc.
564 3710 634 3759 tom.
648 3697 672 3757 l.
692 3718 759 3781 pag.
773 3694 917 3780 tranq.)
964 3700 1025 3762 l'll.
1164 3686 1173 3706 ⁸
