2550 4590
593 307 644 321 ..
697 264 746 339 68
797 304 847 318 -

244 441 342 541 qnod
373 429 458 537 ipse'
486 435 674 513 Gesnerus
709 432 767 507 bis
803 444 924 507 totum
944 375 1210 523 recensuerat,

148 663 150 669 ¹
241 590 284 651 ut
312 576 420 657 facile
443 574 574 647 fuisset
601 572 728 645 omnia
753 571 794 641 in
821 589 964 642 norum
992 566 1211 653 thesaurum

241 710 425 791 vocabula
446 698 667 784 Gennanica
695 704 912 794 transferre,
947 707 979 776 si
1012 707 1213 781 consilium

35 888 45 898 -
108 865 113 871 ·
243 851 398 940 tulisset
451 847 526 921 Sed
553 847 618 920 ille
641 846 723 919 sive
750 845 868 916 nimio
894 842 1042 936 lingue
1063 846 1213 941 patriae

244 1006 371 1058 amore
393 994 430 1056 et
448 979 586 1071 studio,
611 976 853 1077 quodetiam,
875 998 958 1049 cum
981 977 1109 1075 paullo
1124 993 1216 1076 post

112 1164 128 1196 ,·
244 1121 388 1196 editum
415 1119 552 1192 librum
585 1117 646 1189 bic
674 1126 790 1204 esset,
829 1114 1067 1187 mulierculae
1097 1118 1217 1191 intera

247 1250 347 1341 dnmss
368 1251 557 1341 ridebant,
592 1249 758 1338 ablatus,
794 1250 895 1336 sive,
927 1260 970 1319 nt
1001 1260 1081 1321 tum
1110 1249 1221 1339 sarna

125 1480 128 1487 ἱ
247 1389 408 1479 ferebat,
434 1388 482 1462 ab
502 1385 811 1461 obtrectatoribus
835 1385 989 1458 Gesneri
1010 1385 1219 1484 Lipsiensi-

248 1523 318 1597 bus
345 1497 518 1610 inductus
555 1523 596 1617 in
626 1521 721 1593 banc
741 1515 917 1591 neodem
951 1531 1039 1591 erat
1099 1517 1221 1595 Cuius

123 1728 125 1735 .
248 1660 372 1735 fornae
390 1658 504 1732 fidem
524 1670 604 1732 turn
625 1658 719 1731 mibi
740 1655 861 1729 facere
873 1624 1090 1747 videbatur,
1111 1659 1221 1757 quod
1255 1692 1262 1702 ·

250 1799 342 1871 satis
363 1795 544 1885 sciebam,
569 1765 693 1868 unum*
715 1814 767 1867 ex
788 1795 871 1867 istis
893 1793 1038 1868 homini
1067 1797 1223 1874 cuidem

252 1932 408 2023 obscuro
432 1942 470 2003 et
485 1929 669 2018 famelico,
691 1930 754 2024 qui
771 1926 972 2002 redemtori
992 1932 1224 2027 scriptorum

181 2130 184 2134 s
251 2034 490 2152 rusticorum,
522 2064 646 2135 nescio
675 2060 818 2158 quade
841 2084 968 2151 causa,
1000 2067 1138 2155 irams,
1166 2024 1225 2142 ia·

234 2205 388 2283 ctaret,
425 2215 467 2265 se
495 2194 536 2266 in
565 2191 789 2314 corrigendis
817 2196 1080 2290 speciminibus
1107 2172 1249 2299 typo--

253 2328 437 2427 graphicis
460 2327 653 2399 sustulisse
675 2328 795 2399 multe
814 2342 965 2424 peccata
979 2328 1227 2425 grammatica

227 2472 232 2479 '
250 2477 447 2555 notarum,
473 2466 508 2564 ei
530 2466 641 2559 igitur
660 2466 855 2561 pecuniam
881 2467 1078 2558 obtulisse,
1112 2484 1228 2546 ntea

255 2603 393 2696 scripto
420 2599 598 2694 vulgaret.
657 2597 761 2672 Haec
781 2614 981 2698 propterea
1001 2607 1156 2702 scripsi,
1182 2620 1227 2682 ut

256 2733 502 2825 intelligerent
530 2732 698 2803 homines
718 2731 839 2805 invidi
868 2746 905 2805 et
925 2736 1095 2829 maligni,
1123 2751 1225 2813 artes

257 2868 323 2940 bas
344 2869 505 2939 minutas
526 2880 564 2938 et
585 2866 757 2942 obscuras
786 2889 861 2939 non
886 2871 926 2941 in
950 2871 1107 2945 obscuro
1131 2897 1225 2964 esse,

258 3001 324 3076 sed
355 3025 437 3076 curn
466 3016 653 3076 contemtu
684 3016 722 3076 et
754 3005 910 3078 infamia
945 3030 1014 3097 sua
1040 3013 1226 3106 patefieri,

258 3153 346 3240 post
364 3153 523 3215 mortem
552 3144 665 3213 etiarn
694 3140 863 3237 proferri.
922 3143 997 3216 Sed
1023 3122 1226 3239 Gesnems,

260 3291 301 3351 ut
331 3278 388 3352 ad,
407 3302 491 3352 eum
520 3277 734 3366 redeamus,
764 3276 858 3380 adeo
890 3280 968 3354 bon
1001 3306 1111 3379 aegre
1138 3289 1227 3363 tulit

260 3415 454 3504 iniuriam,
484 3428 527 3487 ut
553 3416 664 3485 etiam
685 3424 812 3486 auctor
842 3428 938 3488 esset
966 3417 1111 3492 homini
1138 3429 1227 3495 'con-

179 3520 181 3524 ‘
240 3545 408 3618 ,finiendi
428 3546 711 3621 nomenclatoris
732 3545 940 3638 herbarum,
955 3550 1144 3642 arborum,
1170 3558 1229 3654 pi-

263 3683 378 3755 scium
399 3695 465 3757 etc.
481 3682 853 3773 Latino-Germanici,
875 3707 958 3759 curn
973 3694 1156 3766 aestuatis
1173 3717 1231 3768 re·
