2550 4590
494 280 777 357 ...200-

152 447 323 548 quaen,
347 460 389 521 at
407 446 569 523 emtdem
587 470 754 548 quoque,
779 446 820 523 id
841 446 942 547 quod
964 462 1125 551 winstat,

149 586 192 658 iu
227 580 467 683 opinionibus
502 604 593 657 sene
628 604 740 681 quom
777 606 993 683 pugnacem.
1048 560 1127 661 Nee

149 722 319 795 (iesnero
340 722 432 795 citra
453 720 648 819 pulverem
667 718 763 794 hanc
783 722 983 816 contigisse
1004 722 1127 797 victo·

149 858 266 947 mun,
296 854 387 930 inde
413 868 523 954 potos
554 854 735 931 divinare.
791 856 955 931 Multum
982 856 1125 957 diuque

149 994 368 1093 quaestione
388 992 515 1089 aliqua
534 992 696 1065 neutrali
718 992 880 1067 invicem
901 992 1123 1093 disceptata,

149 1130 355 1219 (imerus,
386 1140 431 1202 ut
454 1129 567 1228 plane
593 1150 706 1203 suum-
730 1130 869 1204 iaceret
890 1130 1123 1231 Hetnberge·

148 1286 246 1357 mm,
259 1264 312 1339 ad
331 1288 374 1338 se
385 1266 536 1341 invitat.
561 1262 791 1362 cognatione
808 1268 997 1343 coitiuncti
1016 1282 1123 1343 ecem

149 1404 372 1503 propinque,
390 1403 504 1497 igiteu
517 1404 625 1479 venit
643 1424 728 1479 cum
749 1376 914 1500 coniuge
951 1402 990 1479 Α
1009 1422 1120 1505 pran-

147 1536 215 1613 dio
235 1536 476 1617 mulierctute
489 1538 692 1636 seperatim
712 1560 754 1612 se
777 1536 1013 1613 exinterante
1036 1536 1132 1641 put·

1 1671 2 1678 ‘
105 1726 113 1737 -
147 1672 299 1777 losopln
318 1676 528 1751 altercatum
548 1674 667 1749 amice
689 1676 877 1751 secedunt.
926 1676 1034 1752 Dum
1055 1698 1118 1753 su·

148 1826 226 1889 tom
247 1810 404 1889 meliora
425 1810 534 1885 docet
555 1810 693 1911 hospes
713 1810 913 1911 hospitem,
936 1814 1118 1915 ita-paui·

149 1950 256 2024 latim·
281 1950 444 2046 augescit
467 1950 587 2043 magis
608 1950 850 2038 concertatio,
876 1957 921 2023 ut
940 1960 1116 2049 tanquam

145 2106 175 2158 a
192 2084 318 2160 verbis
340 2082 390 2156 ad
410 2082 568 2157 verbere
586 2094 741 2157 ventum
764 2084 798 2157 si
818 2096 935 2173 esset,
970 2082 1116 2183 uepide

144 2229 380 2293 mannent
405 2218 619 2291 uxorculae.
671 2214 839 2293 'l'antlem
861 2220 1050 2297 Gesnents
1076 2244 1113 2297 s·-

119 2357 424 2437 minimorum
451 2356 507 2429 ita
536 2356 856 2450 committerem
884 2356 1113 2435 oenomao

145 2500 269 2588 tione,
307 2506 351 2571 ut
380 2497 442 2571 hic
474 2498 594 2573 vietus
633 2495 785 2571 tandem
820 2504 960 2573 manus'
991 2498 1112 2589 daret,

145 2652 305 2733 eumque
332 2644 460 2707 noster
484 2654 594 2706 suum
623 2630 778 2707 haberet
805 2652 955 2733 semper
984 2636 1035 2711 ab
1068 2656 1111 2709 so

145 2771 235 2845 indo
272 2784 451 2867 tempore.
510 2766 563 2844 At
590 2769 784 2861 thesaurus
813 2768 856 2845 L.
882 2768 926 2846 L.
953 2770 1111 2874 Stepho-

145 2906 277 2977 nienus
318 2889 446 2977 auctus
486 2902 534 2977 ab
577 2926 622 2977 eo
662 2902 980 3003 emendatusque,
1026 2926 1111 2981 eum

28 3116 32 3125 ,
144 3040 384 3139 physicorum
408 3038 524 3125 fuisse
549 3050 763 3137 expertem,
790 3038 940 3115 eredere
958 3062 1032 3115 nos
1053 3064 1112 3115 to·

145 3179 200 3271 git
223 3176 371 3249 scilicet
423 3174 589 3250 Nescivit
611 3176 710 3246 enim
731 3173 973 3251 Antaeoeom
997 3178 1110 3251 Grae·

146 3336 291 3401 corum,
334 3332 415 3384 esse
446 3312 641 3383 Ilosonem
672 3324 860 3401 nostrum,
893 3325 932 3385 et
963 3314 1111 3412 planta·

144 3473 227 3523 utun
271 3448 559 3545 animaliumque
598 3445 811 3521 nominibus
854 3448 999 3522 Latinis
1043 3472 1111 3525 no·

143 3586 246 3659 tnina
270 3606 345 3657 non
371 3584 516 3658 addidit
541 3582 770 3657 Germanica.
820 3582 940 3658 Audis
968 3584 1013 3683 †)
1040 3586 1111 3659 Po·

187 3736 226 3820 p
247 3737 316 3820 ng.
337 3738 389 3801 ee.
