2550 4590
555 268 834 343 -156-

203 452 288 515 =etas
306 440 456 527 nimis‚'
473 440 679 511 Gesrrorum
708 456 818 510 snum
848 458 870 508 a
901 456 943 507 se
962 434 1180 509 abstrahere

208 576 464 675 querebantur.
513 573 658 649 Harum
686 575 798 670 igitur
830 572 998 670 querelas
1026 584 1071 645 nt
1097 574 1177 671 pla

206 725 325 801 earet,
351 698 503 809 Lipsiae
523 733 609 784 enm
640 708 689 783 arl
715 733 756 783 se
776 711 927 785 voranti
957 730 1002 781 eo
1023 708 1176 783 obseen·

205 856 267 919 tns
288 860 346 919 est
374 846 529 920 lucilius.
580 844 655 918 Hie
669 843 840 918 aeneiae
870 843 1088 917 'l'bomanae
1120 842 1175 916 al-

205 982 313 1077 lnlait
336 994 511 1080 tanquam
539 1002 681 1056 notum
710 980 832 1070 sidus,
870 1003 965 1079 qnae
994 978 1066 1052 snb
1092 980 1172 1053 eins

203 1106 457 1191 rrrorleramine
485 1117 592 1192 velut
619 1140 643 1194 a
672 1117 851 1215 stirpibus
883 1117 1017 1188 laetius
1042 1127 1173 1188 renata

203 1266 261 1331 est
281 1255 512 1351 feliciusque·
538 1251 625 1327 Non
644 1254 744 1326 errim
764 1266 822 1325 est
842 1251 956 1326 modo
973 1250 1172 1351 splendide·
1196 1228 1200 1235 ¹

200 1362 394 1462 aedilleata
407 1390 460 1485 Ἲς
492 1385 560 1459 sed
581 1388 722 1484 aceepit
743 1408 901 1483 qumque,
927 1387 1169 1489 qumrtumrn

200 1528 286 1626 ipso
305 1525 396 1613 suit,
422 1525 582 1597 lonnam
603 1522 716 1621 plane
735 1544 884 1596 novam.
934 1521 1168 1621 Disciplinaa

196 1660 376 1731 nimirum
395 1657 645 1746 scholasticae,
658 1678 753 1754 qnae
773 1668 853 1731 erat
872 1658 1166 1754 eomrrptissima,

198 1806 239 1868 et
257 1816 405 1869 morum
433 1791 700 1867 dissolutorum
728 1795 831 1865 omni
854 1803 1054 1893 exparte,
1084 1812 1166 1867 eor·

198 1943 321 2003 rector
346 1928 420 2003 ibit
443 1931 517 2018 ita,
547 1940 593 2001 ut
624 1926 711 2001 lieet
734 1928 901 2001 omnium
929 1930 1164 2026 exspectatis

142 2136 175 2175 ,Ι
197 2071 329 2144 luisset
348 2036 535 2155 unanima,
567 2068 633 2140 ille
653 2078 777 2140 tannen
805 2067 900 2139 bane
922 2065 1032 2161 longe
1052 2089 1163 2166 snpe-

194 2208 296 2279 rarit.
334 2205 398 2275 Ex
419 2202 649 2275 documentis
669 2205 822 2275 infinitis
843 2204 915 2276 boe
935 2202 1044 2277 habe.
1087 2204 1162 2279 Fo-

160 2436 163 2443 ¹
193 2340 308 2433 nebat
330 2338 403 2411 illa
429 2337 591 2412 liberalis
613 2338 794 2413 bonarum
823 2342 1005 2414 mentium
1025 2342 1161 2421 nutrix

192 2474 331 2551 multos
359 2472 580 2563 nebulones,
612 2475 653 2546 in
680 2476 762 2548 sinn
797 2496 884 2562 sno,
918 2472 1161 2549 Cretensibus

193 2613 422 2701 simillimos}
461 2614 524 2709 qni
558 2624 681 2684 essent
715 2609 776 2686 ἀεὶ
811 2611 1000 2705 ψεῦσται,
1045 2614 1157 2689 κακά

191 2747 335 2855 θηρία,
359 2743 537 2846 γαστέρες
557 2744 680 2847 ἀργαί
691 2752 761 2845 *·);
788 2750 935 2847 qunque,
961 2748 1155 2824 Musarum

190 2882 329 2961 enltum
349 2880 586 2975 mentientes,
618 2908 724 2959 snam
752 2899 921 2959 ornarent
945 2888 1153 2962 cuticulam.

173 3022 340 3097 ‘Morbos
361 3002 554 3115 fingentes’,
587 3024 711 3094 neseio
741 3044 851 3118 qnos,
884 3021 1094 3096 efficiebant
1113 3036 1154 3097 nt

188 3160 372 3233 alerentur
396 3159 550 3248 lautius,
576 3181 794 3257 semperque
819 3158 997 3233 baberent
1026 3162 1150 3252 serias,

216 3415 261 3494 ··)
277 3414 446 3479 abranam
466 3417 696 3497 inauguratiouis
707 3414 940 3477 Chrestoraatbln
952 3416 1069 3477 Grates
1078 3438 1150 3497 pras

186 3538 219 3579 se
239 3519 305 3579 lert.

229 3638 275 3707 ⁸¹)
296 3631 388 3707 Epist.
402 3631 481 3691 l'aul.
499 3633 536 3693 ad
549 3630 607 3693 Tit.
620 3631 644 3705 l,
659 3630 709 3693 1¹2.
729 3620 781 3692 ¹nbi
795 3634 852 3694 viu.
866 3632 1023 3695 lloirnIclnr
1039 3648 1070 3695 tt
1087 3634 1148 3699 lle-

186 3735 365 3793 aenmnrller.
407 3732 465 3793 Fll.
907 3744 911 3753 ¹
