2564 4590
501 262 759 336 ...40⁴-

221 380 327 508 lide
350 428 477 519 habui,
500 453 595 531 quac
621 430 670 504 de
695 434 775 506 vita
800 432 875 506 viri
891 433 1039 505 surumi
1059 428 1123 508 'li-

142 569 207 658 ni,
239 564 284 641 V.
318 563 378 658 0.,
411 564 619 645 narrarcmr
656 570 698 642 iu
737 568 871 682 quibus
903 571 997 668 ipsis
1031 571 1125 662 eim,

145 705 182 781 h.
210 730 242 780 e.
274 707 436 801 ingenii,
462 709 580 781 animi
609 719 648 780 et
672 686 819 779 morum
845 709 1067 802 imaginem,
1091 710 1127 783 si

27 860 32 871 ’
98 910 102 919 .
147 864 225 917 nou
257 843 371 941 plane
401 846 592 943 expressi,
626 856 752 916 tamen
783 866 863 917 non
878 822 1031 919 'lenter
1059 844 1127 919 otl-

146 973 331 1051 umbravi.
385 976 462 1051 Sed
486 979 605 1072 magis
631 975 856 1049 elaboranda
877 988 935 1049 est
966 977 1035 1049 illa
1057 977 1127 1051 ad-

47 1206 53 1212 .
148 1110 357 1202 umbratio,
392 1126 434 1187 ut
467 1114 580 1211 plane
605 1111 812 1185 Gesnerum
845 1113 1061 1211 perspicere
1089 1124 1128 1187 ot

150 1249 275 1319 auimo
304 1251 470 1321 contueri
496 1260 617 1321 totum
642 1250 782 1345 possis3
809 1244 911 1344 quod
926 1248 981 1322 l'e
1001 1250 1128 1323 maxi-

150 1378 212 1456 me
236 1382 410 1455 intellexi
430 1404 455 1455 a
478 1405 540 1454 me
566 1383 781 1480 expetiisset

226 1513 379 1608 Ingenio
413 1514 460 1588 ab
496 1518 599 1588 omni
624 1527 732 1613 parte
761 1515 959 1597 excellenti
987 1528 1026 1589 et
1051 1518 1128 1591 mi

152 1651 321 1748 exempli
347 1651 485 1741 luisse,
510 1674 622 1724 nemo
649 1640 897 1741 dubitaverit,
922 1654 1005 1749 qui,
1032 1674 1129 1751 quse

152 1791 359 1888 scripserit,
398 1805 437 1864 et
477 1789 665 1890 quomodo
710 1791 918 1888 scripserit,
958 1812 1129 1890 quaeque

152 1929 267 2000 etiam
300 1929 341 2000 in
380 1930 428 2001 iis
462 1929 655 2024 generibus
689 1929 949 2017 calluerit,·in
990 1928 1128 2027 quibu

151 2065 257 2137 nulla
312 2078 553 2139 monumenta
602 2063 788 2163 prodidit,
839 2087 913 2137 nou
959 2067 1127 2160 ignorat,

154 2203 377 2299 omninoque
431 2226 499 2301 per
544 2201 849 2276 consuetudinem
900 2203 1127 2279 familiarem

154 2358 240 2409 eum
267 2338 450 2431 cognovit
503 2335 650 2425 Quanta
676 2337 854 2411 facilitate
876 2359 919 2409 ac
936 2338 1127 2414 eeleritate

152 2474 194 2547 in
227 2472 459 2571 arripiendo,
493 2488 530 2547 et
555 2475 728 2548 firmitate
757 2477 797 2547 in
822 2475 1020 2549 retinendo
1045 2478 1125 2552 lire·

152 2612 219 2700 tit,
234 2610 434 2683 multitudo
460 2612 668 2705 linguarum
695 2635 737 2684 ac
762 2611 1045 2710 disciplinarum
1066 2636 1124 2687 ar·

154 2757 328 2839 gumento
356 2728 435 2834 est,
469 2769 560 2843 quas
589 2770 707 2845 paene
735 2771 830 2846 puer
861 2747 1122 2846 perdidicerat,

154 2879 347 2951 maturiori
389 2892 514 2952 autem
556 2892 677 2953 aetate
714 2884 776 2957 vel
818 2883 1026 2979 exquisite,
1060 2880 1122 2956 vel

154 3033 268 3109 supra
299 3012 593 3090 mediocritatem
625 3017 790 3091 callebat.
842 3020 893 3091 Et
919 3032 1047 3093 tamen
1067 3020 1121 3093 in·

153 3147 300 3222 tendum
329 3154 510 3224 memorie
537 3155 680 3242 minus,
703 3175 813 3250 quam
836 3154 970 3242 vellet,
994 3177 1036 3226 se
1055 3174 1120 3229 vt·

154 3282 232 3359 lere
252 3284 416 3375 dicebat,
431 3286 647 3384 ridebatque
667 3288 909 3386 philosophos
938 3288 1120 3385 quosdam

155 3423 393 3510 recentiores,
415 3424 478 3520 qui
501 3424 614 3494 etiam
635 3424 875 3497 amemoriec
897 3423 1121 3519 magnitudi-

154 3570 203 3626 110
238 3552 425 3647 iudicandi
458 3556 541 3630 tim
578 3553 761 3627 debilitari
805 3543 988 3646 dicerent,
1026 3559 1119 3632 hauc

156 3701 280 3767 autem
306 3692 487 3769 maiorem
518 3715 598 3768 csse
622 3694 662 3767 iu
684 3694 752 3785 iis,
774 3696 837 3794 qui
859 3697 1044 3773 memoria
1057 3720 1119 3798 pa·
