2550 4590
491 282 778 357 *281-

148 450 284 527 lrerum
308 472 439 527 rueres
462 440 656 551 luesque,
693 464 734 527 et
763 452 1000 531 metallorum
1025 477 1127 533 eom·

146 588 435 667 minuendorum·
465 604 505 665 et
535 590 829 691 reparandorum
861 595 1018 669 mtifieia
1049 616 1127 671 rer·

145 750 336 827 moneque
361 741 401 803 et
423 730 509 829 ipse
537 751 671 828 opere,
700 730 744 807 in
769 728 916 805 officina
940 730 1128 827 chemino,

146 866 429 959 ertendentem3
486 869 685 963 Reyenum
724 866 887 969 (lenique
928 872 1128 964 seniorem,

147 1004 288 1103 quinus
311 1004 435 1081 morbi
462 1008 600 1106 quique
623 1006 710 1081 telis
741 984 824 1105 peti
854 1018 894 1081 et
918 1013 1129 1107 expugnari

147 1142 284 1234 velint,
307 1142 528 1219 tradentem.
565 1142 851 1220 Hemrterhusio
865 1168 1131 1244 quequegrae-

149 1302 217 1357 ωε
251 1294 422 1359 auctores
455 1286 681 1374 armenti,
721 1296 761 1357 et
793 1284 1133 1361 Musehenbruekio.
1195 1312 1199 1319 ¹

146 1419 347 1527 physieam
379 1418 549 1512 docenti,
589 1420 758 1497 sedulam
791 1426 931 1510 novavi
963 1446 1129 1524 operam.

147 1556 301 1633 vietum
334 1560 483 1654 gemine
516 1558 632 1634 medo
671 1560 766 1634 milri
805 1559 947 1635 Leidae
978 1584 1131 1662 eompaa

146 1698 248 1771 ravi.
296 1695 394 1771 Nam
421 1696 471 1771 acl
495 1697 593 1774 hrme
625 1698 727 1775 (liam
745 1696 882 1773 'bonae
905 1702 1044 1775 mentia
1068 1722 1131 1775 ee·

147 1854 235 1909 mer
266 1848 470 1934 paupertas
508 1858 571 1910 me
610 1836 716 1911 nullo
753 1849 923 1937 tempore
954 1838 1129 1913 deseruit.

147 1972 296 2049 Leeavi
321 1995 458 2073 nempe
484 1995 639 2073 operam
664 1978 803 2074 partim
833 1976 1034 2055 iuvenibus
1057 1975 1131 2051 na-

148 2112 268 2203 tavit,
292 2114 326 2185 ri
351 2115 415 2212 qui
441 2116 582 2209 graecis
613 2113 815 2213 latinisque
847 2127 913 2190 aut
945 2127 985 2188 et
1009 2114 1135 2191 arabi-⁸

149 2250 210 2323 eir
255 2248 375 2327 literis
413 2251 532 2327 imbui
566 2252 723 2346 vellent;
776 2256 917 2352 partim
954 2266 1133 2354 typogra-

148 2388 242 2489 phia
257 2385 308 2464 ael
332 2388 469 2466 menda
494 2414 517 2464 e
541 2403 712 2467 veterum
738 2404 931 2466 auctorum
958 2392 1133 2469 editioni-

153 2524 242 2619 bm,
266 2549 360 2626 quar
380 2530 456 2628 ipsi
481 2551 568 2603 aere
593 2551 663 2604 rue
690 2528 937 2621 excuderent,
963 2531 1131 2607 eluenda.

152 2646 375 2742 numfimlr
415 2690 503 2763 erga
539 2690 601 2741 me
637 2670 679 2755 in
711 2668 867 2745 Batavis
898 2690 976 2743 non
1008 2672 1133 2767 reperi

151 2806 233 2879 nini
257 2826 373 2879 unum
397 2806 601 2897 hominem,
625 2806 693 2881 red
719 2830 817 2899 euro,
843 2808 908 2909 qui
931 2805 1016 2882 loeo
1035 2809 1134 2882 mul-

152 2956 285 3019 torum
309 2940 406 3019 nnus
432 2956 540 3019 esset
591 2944 802 3021 Dorvilliue
826 2945 894 3019 ille
918 2946 1002 3037 luit,
1028 2948 1134 3020 euius

154 3104 208 3157 ne
231 3082 394 3183 reliquas
420 3086 579 3161 virtuter
605 3106 906 3176 commemorem,
931 3096 1037 3158 tante
1060 3084 1135 3159 suit

158 3242 249 3317 erga
281 3244 344 3297 me
376 3223 581 3298 liberaliter
612 3224 875 3313 excellentior,
915 3232 1056 3320 quante
1088 3244 1136 3295 ea

157 3360 282 3435 virtus
307 3372 366 3434 est
389 3364 510 3436 rarior
533 3363 574 3435 in
596 3373 706 3457 gente
722 3360 974 3461 parsimoniae
995 3356 1135 3433 dedita.

157 3496 298 3593 Magna
328 3500 422 3573 nrilri
456 3522 539 3573 eum
577 3501 645 3573 ille
676 3502 762 3578 viro
795 3498 884 3599 suit¹
898 3498 1136 3593 negotiorum

157 3646 200 3711 et
223 3636 435 3712 studiorum
459 3638 704 3713 neeerritude.
763 3636 885 3728 Quem
916 3637 950 3711 si
975 3649 1040 3709 aut
1066 3657 1136 3711 vo-

159 3756 327 3868 luitaem,
352 3790 420 3853 aut
443 3798 605 3868 nortem,
629 3778 679 3851 iis
705 3788 914 3879 eaptereet
932 3788 1059 3851 tenere
1075 3796 1139 3848 ar-.
