2550 4590
488 294 540 311 -
591 254 667 328 too
719 292 771 347 ·†·

148 410 271 505 sintne
288 427 616 537 commentantium
630 422 940 522 philosophorum
957 446 1007 499 an
1027 448 1133 502 ora·.·
1208 458 1212 477 ·

149 576 273 636 torum
294 561 516 647 similiores,
543 581 629 631 curn
651 578 693 629 re
716 559 801 655 ipsa
823 557 940 632 medii
960 562 1036 635 sint
1053 565 1111 637 in·

147 712 204 772 ter
223 710 417 792 utrosque,
439 717 516 767 non
536 692 701 765 multum·
718 692 842 767 refert.

225 829 285 901 De
319 827 561 901 Germanicae
588 825 736 918 linguae
755 826 966 898 sinceritate
987 839 1026 899 et
1050 850 1112 901 eo-
1210 886 1217 897 .

146 966 212 1061 pia
233 963 327 1041 bene
347 959 516 1037 ruerendi
545 961 779 1033 ooeasionern
807 962 844 1036 ei
866 959 972 1035 dedit
986 961 1112 1037 Socie-

146 1110 224 1186 tas,
256 1118 352 1195 quae
380 1097 461 1171 lrie.
480 1096 589 1185 eoiit,
636 1093 859 1195 Teutonico,
899 1097 1022 1186 cuius,
1063 1095 1113 1171 alr

145 1236 231 1331 ipso
251 1231 481 1321 inde-initio,
502 1252 652 1329 praeses
672 1231 761 1305 tuis·
804 1230 851 1305 ln
871 1255 945 1330 qua
967 1237 1114 1332 panias

145 1365 288 1460 lingua,
322 1387 406 1437 eum
425 1385 467 1435 se
491 1365 569 1435 iam
589 1364 715 1434 senior
736 1361 786 1437 ad
809 1366 953 1459 optima
974 1365 1115 1449 sorma-

145 1511 204 1573 ret
223 1510 263 1571 et
290 1497 543 1571 recentissima
565 1495 762 1593 exempla,
793 1517 862 1569 noe
884 1520 969 1573 eum
995 1499 1126 1597 pugio..

145 1645 222 1723 ret,
253 1633 373 1713 multo
401 1632 542 1705 imitari
567 1632 753 1719 iuniores,
774 1614 889 1713 modo
910 1632 999 1707 illos
1022 1635 1114 1721 Ger·

146 1769 293 1847 maniae
326 1766 478 1865 probari
511 1764 750 1859 intelligeret,
782 1763 975 1863 adparuit,
1003 1792 1115 1866 quarn

146 1927 261 2002 supra
283 1902 538 1989 laudavimus,
569 1901 767 1990 mollities,
799 1923 844 1973 ae
864 1900 1034 1979 docilitas
1056 1908 1136 1987 in·.

146 2041 264 2134 genii,
296 2038 392 2111 nihil
418 2036 557 2111 habens
590 2035 781 2132 supercilii
807 2036 955 2111 eruditi.
1007 2036 1114 2115 Ultro

147 2179 247 2253 euim
276 2174 321 2273 †)
352 2175 480 2265 amieis
507 2172 714 2263 latebamr,
744 2174 844 2247 intra
868 2173 983 2266 illud,
1012 2176 1115 2274 qood

146 2314 309 2401 vixerat,
334 2323 494 2408 tempus,
516 2312 611 2383 mire
631 2321 815 2383 mutatam
834 2310 998 2404 linguam
1022 2314 1115 2393 Ger-

146 2450 342 2533 manicam,
356 2468 425 2516 nee
446 2466 540 2530 esso,
555 2465 619 2515 eur
633 2410 726 2515 'earn
747 2446 964 2517 mutationis
985 2452 1115 2542 poeni·

148 2596 242 2672 teat3
273 2583 353 2657 -vix
382 2592 508 2655 autem
545 2601 586 2651 se
621 2599 792 2674 sperare,
830 2582 1046 2655 reeentioris
1073 2606 1115 2659 se

148 2717 294 2811 linguae
339 2738 423 2793 earn
459 2713 748 2809 adsequuturum
786 2713 1019 2807 facultatem,
1064 2718 1115 2794 ad

147 2877 262 2953 quam
289 2855 381 2931 oniti
405 2853 606 2949 potuisset,
639 2853 682 2923 si·
700 2869 788 2923 xxx
824 2866 890 2926 eut
914 2873 968 2927 xe
1006 2860 1113 2945 annis

147 2992 265 3062 serius
288 2999 428 3061 sortem
449 2983 625 3057 nascendi
647 2983 845 3058 habuisset
885 2985 1023 3061 Verum
1045 2991 1114 3064 hae
1231 3059 1234 3063 .

146 3127 350 3216 modestia,
384 3129 554 3222 eiusque,
589 3122 689 3222 quod
710 3126 879 3222 pulcrum
900 3141 1033 3200 natura
1057 3152 1114 3201 es·
1179 3122 1193 3145 '

149 3232 225 3355 set,
259 3262 505 3337 admiratione
528 3273 566 3333 et
585 3260 814 3351 imitatione,
840 3259 883 3335 id
902 3264 1025 3361 ipsum
1046 3288 1112 3362 pe·

146 3422 195 3473 ne
224 3397 448 3495 adsequatur
480 3408 555 3485 est,
589 3395 689 3492 qood
716 3395 954 3495 desperabat:
986 3400 1113 3495 lingua

147 3533 271 3631 patria
292 3528 486 3605 commode
501 3541 540 3604 et
553 3528 737 3623 eleganter
758 3532 800 3605 in
821 3533 969 3629 seriptis
989 3546 1110 3625 utens,

189 3698 228 3782 †)
248 3701 320 3782 Peg.
338 3699 415 3765 265.

219 3818 266 3908 1¹·
906 3824 958 3901 24
