2550 4590
433 310 484 322 ..
539 269 611 343 135
665 308 716 322 ..-
754 314 761 326 ,

83 459 235 538 quaeso,
257 435 369 512 huius
388 435 531 511 doloris
552 438 722 528 modum,
744 459 796 512 ex
818 414 904 514 otiis
920 455 958 515 ot
980 446 1062 518 vui-

79 577 234 674 guribus
255 576 414 650 luctibus
430 580 638 653 aestimare.
672 576 826 652 Nullum
843 577 961 669 odie,
976 584 1061 657 uul-

78 714 160 787 ium
177 735 205 787 a
223 714 370 813 rationo
387 715 430 786 iu
445 714 527 789 hoo·
541 710 652 812 plaga
671 713 862 808 levameu3
888 715 956 789 sed
977 717 1058 791 iou-

78 852 289 946 giuquitato
310 854 491 947 temporis
512 850 731 951 producitur
752 852 824 925 hoo
844 852 999 942 mutum,
1021 866 1061 929 et

77 992 165 1087 ipsa
184 1011 294 1064 mora
308 992 439 1063 erescit
466 1003 504 1062 et
524 1004 689 1087 augetur.
739 992 881 1093 Recens
911 1014 1060 1091 semper
1133 1031 1136 1037 ·

79 1130 305 1201 osismitatis
325 1150 475 1220 sensuro,
510 1132 551 1203 in
581 1132 665 1205 aliis
692 1134 805 1208 robus
828 1134 1059 1207 constantiae

77 1280 116 1341 et
131 1264 364 1341 fortitudinis
379 1267 529 1342 laudem
543 1290 627 1343 esse
639 1269 902 1367 quaerendum,
927 1269 999 1341 hoo
1017 1271 1059 1343 iu
1152 1354 1156 1359 ,

77 1402 298 1474 tristissimo
324 1422 412 1474 ossu
447 1422 524 1476 nou
552 1403 794 1478 vehomenter
826 1402 1057 1478 commoveri

75 1538 216 1613 durum
244 1549 283 1611 et
299 1537 557 1665 'inhumanum
585 1562 687 1645 essox
711 1543 857 1616 elamat.
917 1541 958 1615 Si
979 1543 1057 1637 pri-

74 1686 170 1750 vato
198 1685 238 1746 et
270 1670 476 1748 domestica
505 1673 644 1749 domus
672 1696 736 1748 mo
763 1675 886 1748 solum
907 1685 1057 1771 torque

74 1822 173 1900 rent,
185 1811 442 1909 paterormihi
455 1812 748 1887 oousoiationom
769 1809 1056 1910 quamdam-od⁴

74 1948 213 2041 iuberi,-
232 1973 330 2048 quse
349 1952 384 2025 si
405 1970 491 2024 uou
506 1974 653 2041 sanare,
673 1952 807 2027 saitem
829 1951 958 2026 levore
978 1966 1057 2024 me·
1084 2018 1087 2027 .

73 2108 148 2159 um
180 2084 349 2161 dotorem
381 2098 531 2185 posset3
583 2086 649 2161 sed
689 2108 766 2159 non
796 2085 1056 2160 obduoendum
1187 2091 1191 2097 ’

75 2242 162 2294 esso
181 2241 208 2293 a
227 2220 493 2294 luctuosissimi
515 2222 658 2295 suueris
684 2224 847 2317 imsgiue
875 2222 1055 2312 animum,

75 2361 340 2435 communiret
360 2361 472 2433 huius
491 2359 599 2435 miris-
610 2372 648 2433 et
664 2360 845 2451 onmium,
872 2372 1057 2458 quotquot

33 2550 37 2555 -
74 2522 146 2598 per
173 2508 357 2570 terranuu
371 2496 515 2570 orbem
542 2496 668 2573 studio
696 2494 835 2586 colunt,
861 2498 1056 2571 homiuum

75 2656 279 2711 cousensus
297 2632 412 2706 iubet.
451 2632 559 2707 Idem
574 2632 748 2706 omuibus
761 2644 820 2704 est
840 2632 980 2722 vultus,
1002 2632 1056 2704 io-

76 2775 205 2849 erimio
236 2785 274 2845 et
294 2768 468 2868 squalore
487 2768 672 2859 foedatus,
701 2766 833 2843 eadem
856 2768 1055 2875 eoncordia

74 2904 272 3007 plorandi,
311 2915 354 2976 ot
383 2905 624 2978 manifestum
654 2902 823 2978 dolorem
860 2901 1055 3002 prodendi.

74 3041 241 3135 bogosio,
270 3037 464 3112 Musarum
494 3050 533 3112 et
560 3040 697 3114 artium
717 3039 882 3128 Patroni,
913 3049 952 3115 et
977 3059 1056 3110 nou

74 3180 244 3255 simulati
271 3181 454 3274 moeroris
474 3190 584 3253 notus
607 3179 730 3269 editis,
759 3181 824 3276 qui
850 3177 1056 3282 obsequert-
1126 3155 1132 3163 ⁸

74 3319 264 3392 tissimum
283 3335 361 3389 nou
381 3314 498 3389 modo
521 3318 642 3391 civem
670 3326 709 3389 et
730 3313 1056 3409 diligentissimum

74 3454 332 3530 Professorem
355 3452 595 3527 desideratis:
631 3476 719 3527 nom
740 3455 832 3526 haee
853 3451 951 3523 forte
971 3452 1054 3523 laus

73 3592 257 3667 mmuiiis
271 3594 537 3665 communicari
544 3578 690 3692 poss'et3
705 3590 772 3665 sed
787 3592 949 3690 primam
957 3588 1052 3663 Aeo-

71 3726 227 3805 domiso
254 3737 404 3803 vestras
419 3727 610 3824 gloriam,
643 3727 712 3801 sed
734 3727 1052 3830 sapientissimum
