2550 4590
575 322 626 335 -
681 282 728 353 1⁸
780 322 830 333 ..

218 424 516 525 combantissima
538 448 791 527 benivolentia
812 450 846 545 *)
872 461 910 523 et
937 452 1115 525 inusitata
1143 452 1191 527 li-

218 586 402 661 beralitas.
459 585 556 661 Nam
570 606 670 659 -s-
697 596 797 657 esset
827 586 911 682 ipse
949 584 1190 661 doctissimus

217 732 257 795 e't
284 723 452 794 omnium
480 720 670 795 literarum
704 722 1001 810 cruentissimus,
1033 745 1192 822 perspe-

217 860 410 957 xissetque
423 857 642 932 Gesncriarri
663 858 802 953 ingenii
821 868 861 930 et
876 857 1065 931 doctrinae
1080 882 1192 957 prae-

217 993 413 1081 stantiatu,
437 992 492 1063 ita
510 986 719 1063 Gesnerum
744 990 972 1081 adsciverat,
998 1004 1042 1065 ut
1065 994 1191 1089 quoti-

218 1126 281 1201 (lio
308 1125 416 1226 apud·
440 1149 482 1200 se
511 1116 702 1239 coenaret,
743 1129 857 1199 etiam
891 1129 990 1200 inter
1023 1128 1191 1203 illustres

218 1269 418 1356 convivas,
443 1286 570 1339 secum
594 1267 634 1338 in
654 1265 851 1365 praedium
872 1268 963 1357 iret,
988 1269 1029 1340 in
1053 1267 1186 1340 biblio·

218 1400 342 1489 tlseca,
369 1422 481 1498 quam
506 1401 650 1495 egregie
673 1402 890 1476 instructam
918 1400 1098 1491 habebat,
1128 1426 1192 1475 se·
1242 1398 1250 1409 ’

218 1538 325 1613 <leret
347 1538 558 1617 ‹lisementli
588 1560 717 1629 causa,
744 1537 903 1638 denique
930 1563 1044 1637 super
1066 1544 1191 1615 mnni-

214 1678 306 1769 bus,
346 1700 441 1775 quae
471 1676 522 1750 ad
552 1677 836 1750 ecclesiasticam
862 1690 901 1750 ot
928 1677 1191 1753 scholasticam

217 1836 297 1899 rem
317 1816 564 1913 pertinerent,
591 1813 807 1885 consuleret.
860 1811 976 1887 Cuius
994 1818 1050 1888 rei
1071 1818 1191 1889 etiam

218 1950 316 2023 lianc
335 1949 496 2022 lmctarm
524 1940 683 2021 libenter
712 1950 898 2021 Gesnerus
920 1973 1193 2026 commemora-

95 2084 102 2101 “
218 2086 302 2177 sat,
328 2086 430 2185 quod
459 2108 543 2159 cum
572 2085 701 2158 multis
730 2086 939 2160 illustribus
967 2090 1060 2163 viris
1088 2094 1192 2165 noti-

218 2226 330 2313 uem,
356 2224 470 2295 etiam
491 2223 694 2295 amicitiem
713 2223 980 2313 contraxisset,
1006 2248 1075 2323 per
1094 2248 1193 2324 quas

216 2359 345 2434 multis
360 2355 497 2429 ‹leindc
513 2348 710 2454 profuisse.
736 2356 952 2431 Accesserat
959 2360 1083 2433 etiam
1099 2382 1194 2435 cura

217 2494 480 2585 bibliothecae,
516 2484 612 2593 quae
640 2493 689 2567 de
714 2492 934 2591 -uogavtana
963 2508 1002 2569 ct
1028 2498 1192 2575 Sohun-

199 2614 430 2705 'tenebram
449 2632 630 2703 instructa
656 2642 736 2702 erat
757 2633 798 2703 in
819 2630 909 2704 arcel
924 2634 1126 2731 principis,
1153 2651 1193 2709 et

217 2768 398 2842 librorum
418 2769 665 2865 optimorum,
681 2770 899 2864 praesertim
914 2769 1192 2863 historiconrm,

218 2908 327 3005 copia
356 2892 578 2979 abundabat
637 2904 738 2979 Huic
764 2906 1009 2982 bibliothecae
1042 2922 1192 3009 septem

145 3080 148 3085 ·
217 3042 322 3138 ipsos
345 3062 462 3113 annos
483 3040 538 3112 ita
559 3039 741 3136 praefuit,
773 3052 817 3111 ut
841 3042 1015 3138 quicquid
1042 3056 1192 3143 tempo-

217 3174 270 3247 ris
291 3172 339 3246 ab
360 3174 445 3247 aliis
474 3175 571 3246 claris
597 3184 636 3244 et
663 3171 854 3245 laboribus
880 3188 1049 3265 uacaret,
1080 3178 1123 3250 in
1144 3200 1194 3251 ea

217 3306 443 3398 ordinanda,
476 3320 516 3381 et
542 3309 662 3381 multo
689 3309 808 3402 magis
845 3310 886 3382 in
912 3314 1195 3387 commentariis

218 3444 454 3519 conficiendis
483 3457 735 3533 consumeret,
766 3466 843 3517 non
867 3447 931 3543 qui
961 3449 1116 3521 uomina
1145 3449 1194 3521 li-

261 3640 293 3715 *)
315 3634 369 3694 Ed.
382 3656 426 3712 pr.
443 3626 661 3693 benevolentia:
683 3644 715 3695 ct
732 3636 775 3693 sic
788 3637 876 3695 ctiam
890 3636 1026 3714 deinceps
1037 3639 1193 3715 scriptum.

1029 3738 1055 3797 P
1055 3738 1091 3798 R.

888 3818 901 3847 ι
