2550 4590
571 308 622 321 ..
676 270 750 342 100
801 307 851 321 .-

231 440 292 516 atl·
304 439 500 538 exemplar
528 435 624 511 illud
645 436 808 511 Sabinae
835 437 870 535 *)
899 437 1120 532 frugalitatis
1141 454 1200 513 at·

232 602 306 677 que
328 575 561 673 disciplinae,
575 574 805 649 Gesneriam.
838 573 935 648 Nam
956 574 996 646 lri
1011 578 1202 671 mniuges,

152 730 155 737 ’
233 716 297 813 qui
327 736 395 810 per
424 723 542 807 totam
559 712 691 817 'vitam
718 710 869 819 fuerunt
893 712 1202 803 coniunctissimi,

68 872 73 887 ·
137 936 140 943 Ι
233 870 353 945 neque
375 847 436 919 lrie
456 846 519 919 vel
542 856 721 941 possunt,
754 844 817 919 vel
846 841 1000 935 debent,
1038 866 1122 925 etse
1142 869 1203 920 se·

234 985 360 1059 iuncti.
418 980 520 1055 Leve
548 992 624 1069 est,
663 977 934 1077 qualinam,
978 994 1017 1054 et
1047 984 1205 1056 ormunn

235 1116 437 1189 iudiearem
460 1114 581 1187 relatu
608 1110 813 1207 indignum,
839 1115 912 1186 nisi
934 1125 1134 1189 testaretur
1154 1117 1208 1191 (le

234 1251 460 1323 amoenitate
479 1249 618 1345 ingenii
637 1247 842 1337 muliebris,
868 1263 907 1321 et
928 1249 1117 1345 quandam
1136 1253 1208 1349 lra-

233 1384 338 1477 beret
360 1380 639 1457 iucunditatem.
686 1381 885 1466 Munditiei
907 1395 986 1457 erat
1006 1384 1204 1472 studiosis,-

234 1524 348 1610 sima,
386 1518 455 1599 sed
482 1541 558 1592 non
586 1532 812 1595 sumtuosae.
876 1522 993 1617 lgittu
1021 1527 1209 1623 parvulos

234 1680 324 1751 mos
345 1678 442 1745 non,
474 1669 517 1730 ut
537 1678 636 1737 nunc
656 1670 713 1737 est
733 1658 939 1748 saeculum,
972 1682 1065 1734 auro
1084 1675 1125 1736 et
1142 1686 1208 1737 ar·

236 1810 346 1895 gente
368 1795 544 1885 ornabat,
575 1818 696 1893 neque
724 1796 875 1872 volebat
900 1816 974 1869 eos
994 1799 1214 1896 plumam

236 1930 323 2020 sed,
356 1933 502 2029 quoties
522 1931 605 2007 siue
626 1928 816 2024 dignitatis
839 1933 1103 2007 imminutione
1126 1937 1209 2041 lieri

237 2046 404 2169 poterat,
441 2068 620 2141 induebat
656 2068 731 2141 illis
767 2080 892 2144 vestes
918 2069 1055 2166 puerili
1088 2077 1210 2170 agita-

239 2208 341 2279 tione
364 2202 555 2292 discissus,
589 2225 613 2276 a
643 2224 685 2273 se
710 2225 804 2276 vero
831 2217 1001 2279 resartas.
1052 2207 1138 2283 Has
1164 2226 1210 2285 ut

238 2351 406 2437 gererent
425 2341 551 2413 arrimo
574 2328 832 2414 lubentissime
853 2356 892 2416 et
911 2345 1010 2418 ultro
1032 2362 1212 2445 optarent
1244 2420 1248 2425 .

239 2478 349 2551 liberi
370 2479 440 2566 sul,
462 2477 582 2550 elleeit
603 2489 721 2550 mater
740 2476 1211 2581 prudentissima'persuu-

240 2613 364 2690 dendo
395 2614 488 2701 illis,
529 2614 620 2689 llaec
647 2617 888 2704 vestimenta,
930 2619 998 2691 tali
1031 2621 1211 2700 ‹listirreta

239 2750 374 2836 modo,
408 2748 502 2820 coeli
533 2769 615 2823 esse
634 2749 772 2823 stellati
794 2752 968 2847 picturas.
1021 2753 1108 2832 Hoe
1125 2782 1210 2835 mu·

241 2884 356 2957 liebre
385 2894 607 2976 strategema
635 2885 878 2958 multifariam
907 2888 1061 2983 profuit
1121 2895 1209 2970 Non

241 3018 340 3089 eninr
365 3015 453 3088 fecit
473 3016 595 3089 solum
616 3017 666 3091 ad
681 3040 760 3093 rem
775 3016 952 3093 tuendam
969 3022 1210 3119 familiarem,

282 3248 314 3334 ¹²)
344 3252 465 3312 Veteres
493 3251 594 3313 Sabini
618 3254 653 3312 ob
678 3274 791 3315 morum
814 3261 991 3335 gravitatem
1015 3283 1209 3347 severamque

241 3356 357 3412 rireudi
377 3356 556 3433 disciplinam
579 3368 647 3415 ante
669 3360 741 3415 allos
765 3358 969 3447 laudabantur.
991 3362 1121 3425 quenal.
1143 3368 1208 3429 Set.

241 3452 291 3526 X,
312 3452 386 3516 299.

640 3535 754 3588 Snnrler
770 3536 832 3591 lieet
850 3538 960 3594 horrida
979 3559 1066 3598 mores

395 3618 549 3672 Tradiderat
567 3622 659 3673 domm
677 3639 710 3675 ur
728 3634 826 3676 velem
844 3625 955 3679 imitata
974 3628 1098 3684 Sabinos.
1121 3664 1125 3669 -

1061 3723 1121 3783 Fu.
