2550 4590
416 288 674 358 ...29-

43 458 107 532 vel
131 457 237 533 Aeta
263 453 527 545 Eruditorum,
558 456 621 532 vel
649 456 887 533 bliseellunea
907 461 1027 560 lips,
1134 500 1139 511 ,

44 594 108 668 vel
123 615 195 682 ea,
212 613 310 688 quoe
325 589 438 685 vulgo
454 589 743 687 monetote
756 593 1029 688 bachelon,

45 730 108 804 vel
130 727 301 824 demque
322 722 590 800 Bibliotbemm
611 727 862 833 Britannicum
883 733 1030 830 collige-

46 880 142 941 rent.
177 865 216 939 Α
229 864 366 962 qrribus
379 887 568 963 perparva
580 865 719 939 laboris
731 867 906 942 Herculei
922 828 1031 968 prae-

51 1003 141 1089 mia,
155 998 352 1073 interdum
367 999 481 1071 etiam
495 998 609 1088 nulla,
623 1022 672 1071 ne
687 1001 865 1099 exempla
879 1004 1030 1099 quidem
1099 1042 1105 1051 ·

53 1133 259 1221 librorum,
273 1152 367 1231 quos
378 1130 622 1221 indicaverat,
637 1136 791 1232 aceepit
824 1135 861 1209 A
878 1136 1031 1212 Menke-

53 1274 118 1345 uio
146 1269 461 1343 remunerationis
479 1291 552 1366 pro
575 1280 634 1383 tot
646 1274 1031 1367 commentationibus,
1082 1322 1084 1329 ι
1246 1279 1250 1301 “

56 1409 160 1483 detis
173 1408 280 1506 Lips.
295 1407 457 1494 insertis,
470 1406 583 1503 plane
597 1407 691 1480 nibil
707 1409 804 1499 tulit,
819 1423 862 1483 ut
876 1424 1030 1503 taeeum,

58 1566 236 1619 onnon
254 1563 363 1631 raro,
386 1564 456 1639 per
470 1540 679 1617 libertatem
703 1555 742 1617 et
766 1547 1031 1640 ingenuitatem

58 1680 268 1769 iudicandi,
284 1680 449 1757 ‘aliorum
468 1680 684 1754 inbuieitias
705 1696 743 1756 et
756 1683 845 1758 odia
857 1684 930 1759 sibi
946 1710 1032 1763 con·

61 1821 233 1895 essese.
259 1814 372 1909 Quod
380 1819 552 1916 inprimis
571 1821 607 1892 ei
617 1818 763 1908 oceidit,
778 1844 892 1917 quum
907 1823 1031 1898 della-

64 1967 258 2044 tenorum,
269 1953 507 2042 Schultemii‚
522 1952 727 2026 Burmanni
738 1956 896 2027 iunioris
913 1970 952 2028 et
968 1959 1034 2030 eli-

65 2116 174 2169 onrm
196 2091 421 2191 editionibus
452 2100 518 2163 aut
538 2088 643 2163 libris
664 2090 794 2188 paullo
821 2088 973 2165 liberius
996 2094 1036 2166 in

65 2228 167 2303 detis
175 2241 214 2303 et
225 2227 318 2304 alibi
332 2228 555 2301 seutentiam
570 2225 741 2318 dixisset,
751 2229 814 2324 qui
830 2248 940 2301 omne
955 2241 1035 2303 tum

64 2364 274 2438 acerbitatis
290 2365 396 2438 virus
411 2374 521 2435 uriteo
538 2376 777 2460 conceptum,
800 2366 954 2460 integris
969 2389 1036 2440 vo-

65 2501 267 2577 luminibus
281 2501 324 2573 iu
334 2501 461 2597 ipsum
477 2519 690 2572 evomuere.

139 2642 191 2715 Et
204 2641 288 2737 quis
303 2659 381 2744 non
401 2638 576 2725 miretur,
596 2636 667 2709 boe
688 2636 922 2733 iniquissimo
938 2640 1038 2712 vitae

70 2796 236 2879 ternpore
247 2781 371 2854 virum
382 2776 622 2866 indefessum,
630 2788 778 2873 praeter
796 2777 865 2850 bos
880 2777 1038 2867 labores,

71 2928 214 3012 praeter
236 2914 313 2987 alia
332 2912 451 2986 multa
464 2912 604 3008 scripta
625 2911 780 2983 minoris
802 2910 932 2999 molis,
960 2914 1039 2984 ani·

71 3052 348 3127 madversiones
357 3053 669 3123 suasinauetores
677 3047 954 3147 Graecos,opus
971 3052 1041 3122 irn-

73 3189 241 3279 mortale,
256 3184 480 3260 eonfeeissel
500 3206 654 3282 quarum
668 3186 745 3257 iam
761 3185 921 3281 quinque
935 3185 1042 3257 volu-

73 3327 172 3399 mina
197 3325 277 3397 suis
291 3324 374 3420 ipse
398 3319 584 3394 smntibus
600 3316 740 3406 edidit,
757 3340 851 3414 quoe
873 3330 981 3388 notas
1003 3319 1043 3390 in

10 3548 12 3553 ¹
77 3460 284 3537 Diodorum
312 3457 498 3545 Similem,
516 3455 692 3528 'Dionem
723 3448 1043 3546 Chrysostomum,

10 3568 13 3717 ᾗ
74 3598 235 3673 Dionem
251 3593 439 3684 Cassium,
460 3595 633 3687 Lysiam,
648 3590 902 3675 Plutarchum,
922 3588 1044 3661 Hero-

72 3737 217 3824 dotum,
231 3731 503 3827 Thucydidem,
517 3728 739 3814 Aristidem,
756 3725 965 3817 Polybium,
982 3725 1044 3796 li-

884 3864 907 3930 2
925 3867 941 3899 t
