2550 4590
496 252 781 327 “249-

320 424 513 526 Verbaque
539 423 739 526 prouisam
775 446 859 498 rem
887 448 966 502 uon
1001 427 1126 504 iuvita
1249 460 1253 470 ·

272 572 277 579 '
700 573 914 660 aequentur.

256 696 395 799 †)Sed
427 695 523 771 duos
555 695 729 793 inprimis
761 696 956 794 scopulos,
991 700 1129 774 multo.

145 858 239 913 ιω
262 832 466 928 nauseagiis
490 829 673 916 infames,
706 841 744 902 et
769 831 852 927 ipse
877 830 1059 925 fugiebat,
1077 847 1131 910 et

149 974 271 1062 enee,
302 982 346 1044 ut
370 967 559 1062 lingerent,
590 964 785 1066 monebat,
819 967 1067 1043 temeritatem
1090 982 1132 1044 ot

151 1105 471 1205 superstitionem
510 1099 693 1173 Furorum
713 1097 914 1190 iudicabat,
941 1102 1040 1198 quod
1055 1126 1132 1176 non

154 1245 354 1343 intelligas,
379 1242 507 1315 atatim
532 1261 641 1311 urere
666 1250 705 1311 et
728 1260 876 1330 secare3
917 1245 1132 1333 amentiam,

158 1385 260 1480 aegri
289 1381 425 1481 eapitis
456 1379 604 1452 sumnia
617 1378 663 1475 *l
699 1379 740 1450 in
775 1390 993 1455 contextum
1025 1384 1132 1457 inve·

161 1517 275 1608 lm,
317 1514 460 1595 abolita
504 1525 674 1588 veterum
719 1511 900 1589 librorum
938 1518 1132 1614 scriptura

163 1650 274 1743 Nam,
297 1653 333 1727 ti
357 1650 431 1724 boo
455 1646 570 1722 modo
595 1649 754 1743 grassari
779 1648 919 1740 liceret,
944 1649 1051 1728 bravi
1075 1654 1134 1727 fu.

169 1803 298 1882 unum,
322 1801 367 1862 ut
392 1788 596 1876 calamitas,
630 1808 743 1882 quam
770 1785 886 1859 Gothi
911 1797 950 1859 et
974 1787 1135 1864 Vandali

175 1922 274 1999 bm‘a
301 1924 411 1998 libris
438 1925 724 2019 imputassent,
759 1942 851 2018 prae
882 1921 953 1995 bae
976 1903 1081 2001 levia
1099 1937 1138 1999 et

177 2058 367 2135 tolerabilis
392 2056 576 2134 uideatur.
626 2055 763 2129 Iooiroo
786 2056 829 2126 in
850 2054 942 2147 loeis
963 2054 1137 2157 despera·

182 2194 241 2285 tit,
273 2193 340 2283 ubi
371 2192 486 2279 nulla„
506 2191 604 2265 ratio
637 2201 737 2263 emet
769 2187 994 2265 difficultatis
1021 2216 1138 2293 expe-
1220 2229 1223 2234 ·

183 2322 342 2425 (liuidae,
383 2325 606 2413 medicinam
646 2326 695 2416 ab
730 2326 993 2420 integritatibus
1033 2330 1139 2407 libiia

186 2462 473 2565 onpeotandam,
499 2475 538 2537 et
563 2464 714 2552 omnino
747 2461 842 2534 nihil
871 2463 915 2537 in
946 2475 1138 2559 contexat,

185 2600 245 2677 uiti
282 2613 517 2687 uetustarum
565 2597 866 2689 membranarum
907 2601 1139 2692 auctoritate,

185 2737 395 2841 movendum
421 2731 606 2823 censebat,
630 2756 679 2807 ne
704 2732 873 2805 Rentleio
900 2733 1052 2831 quidem
1074 2757 1140 2811 ve-

184 2871 271 2951 niam
286 2876 389 2991 „dans
414 2875 597 2964 licentiae,
623 2893 734 2970 qnam
753 2870 826 2945 sibi
845 2875 980 2957 sumsit
1000 2876 1040 2955 io
1059 2873 1141 2955 Ma·

187 3008 264 3099 uilio
285 3010 523 3093 recensendo.

272 3152 316 3251 †)
331 3151 384 3224 At
409 3172 521 3238 vero,
557 3148 622 3245 qui
646 3090 790 3223 nullum
808 3090 994 3223 ¹autlaciae
1018 3149 1144 3223 locum

188 3277 288 3383 luet,
313 3313 391 3364 non
416 3290 538 3363 minus
571 3286 794 3387 repudiabat
825 3287 966 3363 anilem
995 3285 1144 3381 religio-

224 3475 256 3560 †)
275 3483 346 3564 Peg.
369 3479 422 3542 53.

223 3596 246 3675 ‘l
265 3603 308 3668 Cl.
330 3603 435 3665 Horat.
458 3605 521 3664 Art.
545 3602 626 3664 Poet.
649 3621 692 3662 ot.
704 3600 735 3665 7.
778 3599 838 3662 Fit.

102 3712 115 3735 ⁴
224 3718 256 3800 †)
277 3723 343 3805 l'ag.
368 3718 419 3784 54.
