2550 4590
448 257 735 333 —277-

91 412 206 513 ludim
229 416 380 516 liuguae
403 422 573 503 studium
599 400 749 507 exarsi:
800 446 953 539 etpost
976 448 1075 525 mul-

88 562 219 629 torum
249 578 434 635 annorum
459 560 687 659 discessum,
727 589 779 643 ex
812 596 887 671 quc
913 578 1069 661 domum
1107 590 1114 601 '

88 708 139 763 ex
172 692 310 767 itinere
341 694 523 773 Batavice
555 700 671 801 redii,
707 708 830 783 multa
859 735 1069 818 magnaque
1216 684 1219 689 Ι

89 824 270 913 beneficia
309 836 454 932 optimo
494 839 578 913 viro
613 834 750 916 debere
782 852 903 949 coepi.
965 858 1065 937 Nam

90 981 348 1070 praeterquam
390 974 491 1073 quod
524 990 665 1055 arctam
695 984 953 1088 sinceramque
986 1019 1066 1071 me-

90 1124 171 1181 cum
193 1111 400 1185 amicitiam
425 1115 612 1205 excoluit,
653 1127 852 1217 clepera,
893 1132 1063 1227 consiliu,-

91 1242 145 1315 vel
168 1245 296 1319 uumis
321 1268 480 1345 quoque,
504 1270 568 1323 me
585 1251 830 1350 iniquissimis
849 1264 946 1339 meis
967 1278 1061 1344 teru-

90 1376 236 1473 purihus
261 1378 429 1470 adiuvit,
469 1385 582 1491 etiam
607 1388 825 1483 proceribus
849 1392 1059 1479 Drcsdauis'
1158 1496 1161 1501 y

91 1528 250 1591 manate
274 1516 544 1619 diligenterque
574 1545 638 1597 me
663 1530 967 1629 commendavit,
1000 1542 1058 1629 luo

19 1626 23 1631 ¹
58 1666 391 1753 uumquemque
423 1654 641 1751 diguitatem
676 1682 801 1739 meam
833 1634 951 1746 tuitus
984 1688 1055 1770 est,
1110 1758 1113 1771 ,

86 1798 123 1862 et
149 1812 231 1867 cum
273 1790 434 1873 adversa
465 1793 617 1869 fortuna
641 1796 845 1877 luctantem
878 1806 1054 1887 subleve-

80 1914 156 2017 vltss
190 1939 230 2001 et
265 1952 380 2029 saepe
420 1928 609 2005 labantem
641 1935 809 2011 animum
842 1938 942 2017 bona
980 1968 1051 2048 spe

76 2060 305 2136 ostendenda
337 2064 583 2141 coulimrarit.
622 2064 745 2143 Nimis
785 2072 861 2145 cite
894 2078 1050 2159 auduus

71 2190 130 2266 ab
155 2201 298 2298 optimo
331 2203 509 2296 ruapstrc
544 2201 612 2275 fui.
664 2201 761 2279 Nam
793 2228 893 2283 armo
935 2219 1047 2297 1728.

66 2320 209 2410 Haluru
256 2337 456 2411 translatus
508 2348 547 2409 et
600 2338 642 2411 in
675 2341 1046 2445 orplranotruplreutu

62 2458 326 2551 Glauclranmu
364 2475 515 2551 abditus
547 2499 641 2551 sum.
694 2475 810 2583 Cuius
842 2484 933 2560 lacti
965 2511 1044 2565 nen

54 2610 183 2685 temet
206 2635 268 2687 mc
291 2612 532 2689 vehementer
557 2615 753 2712 poenituit.
792 2612 844 2691 Ut
867 2622 968 2696 enim
994 2646 1041 2711 eu

52 2724 96 2803 5¹¹
121 2740 219 2823 ludu
244 2750 415 2823 uomuihil
438 2752 480 2823 iu
504 2750 642 2841 literis,
674 2753 876 2853 praecipue
900 2755 1041 2853 latinis,

51 2878 304 2975 profecerim,
344 2881 445 2983 qued
471 2881 624 2957 dillrteri
647 2885 785 2974 nolim,
803 2898 876 2975 ¹est
900 2899 1038 2985 tamen,
1164 2918 1167 2923 ·

52 3014 165 3095 quod
189 3024 393 3119 aegerrime
418 3022 500 3112 tuli,
526 3042 550 3095 a
576 3020 796 3120 disciplinae
815 3024 1037 3119 incensudta,

53 3154 157 3233 qua„
168 3158 224 3241 ibi
237 3172 378 3259 regerat,
394 3162 594 3236 severitate
612 3182 697 3232 meo
711 3162 836 3233 anime
857 3158 1037 3259 adspersa

56 3290 90 3351 ff
107 3288 233 3373 iudae
254 3300 429 3373 tristitiae
453 3309 564 3397 atque
582 3297 796 3371 timiditatis
815 3297 936 3371 veluti
956 3321 1034 3373 sca·

58 3412 150 3525 lies,
175 3462 287 3536 quam
313 3440 464 3537 penitus
490 3460 699 3537 expurgare
732 3449 770 3509 et
800 3437 905 3509 fibris
932 3438 1034 3513 evel-

65 3554 152 3663 lere,
185 3588 228 3647 ut
253 3576 413 3650 rrrudtum
437 3576 708 3663 laboraverim,
740 3571 952 3647 adhucdum
978 3586 1033 3649 ta-

69 3726 143 3785 men
166 3711 419 3812 nequidquam
443 3714 625 3819 laboravi.
665 3712 772 3789 Solet
795 3734 932 3811 nempe
957 3713 1031 3793 illi-¹

109 3846 134 3923 l.
780 3854 828 3928 19
946 3910 952 3923 .
