2550 4590
583 261 865 337 ...140-

239 439 324 537 rirl3
363 431 432 508 sed
459 434 493 506 sl
517 454 589 530 pro
613 431 792 526 dignitate
814 433 894 504 eius
923 444 963 503 et
986 430 1211 505 excellentia

178 640 185 665 ,
237 585 336 649 esset
348 567 490 668 aliquid
505 536 716 656 dicendum,
730 567 903 641 omnibus
919 568 1085 658 omnino,
1101 579 1212 663 quot-

96 790 100 801 ,
236 718 329 805 quot
354 703 468 781 hodio
496 705 644 794 viumt,
671 724 754 776 esne
781 700 996 776 tacendum:
1042 710 1211 799 praestat

234 845 393 934 famam,
413 862 525 937 quam
544 841 724 938 pictatem
743 839 947 934 negligere,
974 849 1032 927 et,
1058 839 1092 910 ni
1112 835 1211 911 nilril

197 966 202 981 ’
232 992 363 1053 nostra
382 978 551 1053 oratione
572 975 622 1048 ad
643 975 794 1049 laudeni
808 975 963 1048 Graevii
983 971 1096 1047 adiici
1116 993 1209 1069 pos-

232 1115 300 1204 sit,
323 1110 486 1209 simplici
513 1111 867 1183 commemoratione
887 1079 1116 1204 egregiarum
1137 1105 1212 1178 do-.

183 1229 191 1250 ¹
231 1264 324 1340 tum,
346 1250 438 1323 satis
452 1269 624 1343 maguam
638 1244 720 1319 Viri
737 1245 1024 1321 admirationem
1044 1246 1205 1343 posteri<

219 1376 301 1459 'tati
328 1385 553 1480 relinquere·
607 1378 703 1455 Cum
724 1395 850 1458 autem
879 1364 1022 1455 n'udum
1047 1380 1205 1454 Graevii

109 1534 118 1548 ¹
230 1542 367 1592 nomen
394 1517 619 1612 singularem
646 1491 890 1590 attentionem
906 1517 1121 1603 'mercatum
1152 1510 1205 1585 ab

131 1676 139 1683 ·
217 1642 317 1728 'eiua
328 1655 526 1743 suavitate,
545 1664 713 1728 ventrium
726 1653 897 1728 savorem
917 1663 956 1726 et
977 1649 1202 1727 benevolen-

228 1771 333 1883 tiam,
342 1814 448 1915 ⁸(prae
462 1792 556 1865 alias
576 1789 775 1877 ambitione
796 1789 1050 1867 etverborum
1062 1789 1203 1862 lenoci-

226 1933 300 2004 niis
321 1927 570 2004 oblandientla
583 1939 692 2018 esset,
715 1926 956 2029 exspectabo.

205 2082 209 2091 “
246 2100 255 2119 ·
327 2065 412 2141 Non
436 2076 582 2153 autem,
610 2062 712 2161 quod
732 2066 774 2140 in
793 2064 1203 2160 vulgatiumfunemm
1261 2056 1265 2119 l

126 2199 140 2291 J
223 2201 442 2295 laudatione
460 2202 693 2299 frequentari
714 2201 821 2292 solet,
842 2203 884 2274 in
906 2200 1009 2275 locos
1031 2220 1199 2273 commu-

92 2426 96 2439 ι
223 2361 291 2413 nes
306 2338 354 2412 de
367 2312 512 2437 patriae
531 2350 596 2412 aut
615 2349 813 2438 parentum
832 2339 1040 2431 nobilitate,
1063 2337 1110 2411 de
1136 2360 1197 2412 or·

86 2472 89 2479 '
202 2475 407 2548 'ramentis
429 2474 612 2565 fortunae,
636 2477 754 2566 otiis,
776 2497 871 2573 quac
889 2476 1105 2549 umumeros
1126 2475 1196 2549 ho-

221 2614 342 2687 mines
362 2612 461 2685 inter
482 2635 524 2688 se
546 2619 717 2710 aequant,
745 2612 914 2704 delabar3
939 2613 1006 2689 sed
1028 2612 1194 2705 (leviro,

222 2724 428 2844 qui'omnia
441 2744 515 2820 sibi
529 2745 652 2837 debet,
674 2722 992 2840 etnudaotrtute,
1016 2758 1054 2829 ct
1067 2759 1193 2821 mente

23 2859 27 2869 ⁸
101 2968 104 2973 .
220 2884 388 2956 ormrium
413 2883 652 2958 scientiarum
684 2887 926 2984 capacissima
953 2886 1105 2973 enituit,
1146 2906 1193 2957 ea

217 3027 375 3106 tantum,
400 3039 495 3114 quae
508 3018 639 3093 turbae
652 3019 760 3093 illum
773 3032 1005 3110 exemerunt,
1020 3020 1192 3119 proferro

216 3149 392 3242 conabor,
407 3174 491 3226 cum
504 3154 559 3227 sic
579 3175 726 3253 quoque
740 3155 852 3252 longa
864 3157 955 3231 satis
971 3157 1022 3229 sit
1037 3160 1190 3231 exitura

216 3289 356 3378 oratio;
367 3312 371 3319 ·
382 3299 421 3361 et
432 3298 553 3363 certus
568 3290 653 3379 sim,
676 3291 801 3390 pitues
817 3293 915 3365 inter
929 3314 1000 3367 voe
1015 3293 1108 3385 sore,
1123 3298 1188 3392 qui

216 3417 372 3496 diruisse
391 3423 462 3498 irae
482 3426 678 3516 concione,
712 3449 774 3501 me
805 3425 988 3524 quaedam
1015 3432 1188 3504 omisisse

213 3548 516 3655 indignabunda,
543 3566 795 3663 quam'nimia
808 3570 1085 3645 enumeratione
1104 3593 1187 3645 mo-

214 3692 350 3770 lesttun
364 3695 480 3773 fumeo
499 3698 777 3812 succensebunt
