2550 4590
456 280 687 353 ...5-

83 448 250 521 ctissime
282 462 321 521 et
342 450 565 523 suavissime
593 453 699 539 vixi,
726 462 815 547 post
840 463 964 527 autem
983 434 1055 551 'per

83 604 200 659 xxvu
252 607 370 659 annos
415 587 617 662 amicitiam
663 588 892 659 afflictissime
943 586 1052 675 colui,

79 722 207 793 animo
235 718 413 817 denique,
448 720 659 810 voluntate,
689 744 733 795 ae
759 743 871 794 sensu
892 721 940 794 de
969 723 1052 795 lite-

76 856 130 929 ris
151 856 246 953 ipsis
274 868 313 928 et
334 854 382 927 de
403 856 515 930 rebus
538 855 729 946 omnibus,
752 858 816 931 ita.
835 858 1049 931 coniunctus

73 990 152 1081 rui,
182 1003 226 1065 ut
253 994 337 1090 ipse
365 1014 480 1089 saepe
505 995 703 1067 miraretur
732 1006 874 1067 tantam
895 1012 1048 1067 eonsen-

70 1126 219 1198 sionem
248 1126 481 1220 ingeniorum
510 1139 548 1199 et
576 1128 785 1203 animorum
820 1137 1045 1217 nostrorum,

70 1282 144 1335 nec
174 1260 290 1335 modo
324 1263 363 1334 in
392 1262 509 1336 literis
538 1261 588 1335 ad
618 1284 680 1335 me
707 1264 804 1350 suis,
841 1258 1042 1333 sedetiam

67 1399 176 1499 apud
196 1402 300 1475 alios.
353 1400 403 1473 Et
423 1402 515 1481 nihil
537 1400 622 1480 dixi
645 1402 693 1483 de
717 1404 797 1475 eius
820 1404 861 1473 in
881 1424 943 1473 me
963 1425 1041 1475 me-

67 1536 176 1623 ritis,
197 1558 292 1633 quae
313 1536 450 1625 multa,
465 1548 504 1609 et
523 1559 676 1632 magna,
697 1547 736 1607 et
765 1534 926 1607 iucunda
941 1538 1039 1609 exti-

66 1682 204 1743 terunt
227 1732 231 1741 .
257 1668 422 1759 Quarum
451 1694 576 1745 rerum
606 1694 717 1747 eausa
739 1684 966 1769 quantopere
992 1672 1038 1743 il-

67 1804 149 1877 ium
167 1806 392 1893 amaverim,
409 1807 500 1878 etin
521 1804 652 1879 eadem
672 1804 738 1889 illa
759 1805 919 1903 epistola
938 1804 1035 1893 dixi,

63 1952 106 2015 et
128 1942 183 2013 ita
200 1940 314 2034 vulgo
336 1952 468 2015 notum
492 1941 581 2031 fuit,
601 1952 645 2019 ut
664 1943 778 2017 etiam
799 1944 939 2037 amiens
955 1942 1035 2039 qui·
1094 1944 1103 1953 “

63 2074 156 2157 dam
176 2098 300 2165 meua,
322 2078 469 2171 cognita
488 2078 568 2165 eius
591 2089 731 2169 morte,
755 2079 882 2151 statim
902 2074 953 2151 ad
971 2100 1034 2151 mo

62 2215 280 2302 accurrerit,
308 2226 347 2287 et
382 2236 450 2311 per
477 2212 651 2311 ambages
686 2238 747 2288 me
777 2214 826 2287 ad
854 2238 938 2289 eam
972 2238 1032 2287 eo-

59 2348 311 2445 gnoscendam
334 2346 551 2439 deduxerit,
572 2372 640 2440 ne,
659 2352 853 2448 repentino
868 2351 1030 2423 iaemrao

60 2498 194 2557 tantae
209 2484 358 2571 nuncio,
378 2483 647 2573 vehementius,
672 2508 783 2581 quam
802 2505 898 2581 opus
921 2494 1029 2573 esset,

52 2618 307 2719 perturbarer.

138 2756 232 2828 Erat
259 2766 384 2833 autem
411 2766 491 2827 tum
514 2778 642 2829 reeens
661 2755 783 2843 adhuc
803 2754 912 2829 dolor
932 2752 1027 2827 aliua

55 2918 79 2965 e
104 2902 229 2963 morte
243 2893 526 2989 ¹praeceptoris,
557 2895 667 2975 unius
688 2892 741 2965 'cle
771 2892 942 2965 omnibus
964 2912 1026 2963 su-

53 3026 241 3123 perstitis,
263 3038 302 3099 et
330 3028 472 3124 optime
492 3025 541 3097 de
562 3050 623 3099 me
639 3028 792 3113 ineiiti,
811 3025 913 3111 Frid.
935 3024 1026 3097 Got-

54 3162 138 3235 hilf.
165 3160 374 3257 Freytagii,
411 3163 475 3259 qui
506 3160 679 3235 Seliolam
708 3164 923 3235 iettensem
959 3164 1024 3233 tri-

54 3300 160 3395 ginta
178 3299 340 3395 amplius
361 3320 478 3371 annos
499 3301 640 3397 optime
663 3302 776 3387 rexit,
797 3300 936 3369 eteius
956 3320 1021 3371 ve·
1055 3335 1058 3341 Α

53 3452 173 3513 terem
196 3438 353 3533 gloriam
383 3460 502 3536 paene
528 3462 624 3523 unus
645 3438 879 3513 sustentavit.
930 3436 1021 3510 Erat

53 3577 176 3663 enim,
217 3589 260 3648 ut
289 3578 364 3649 alia
396 3575 496 3651 bona
521 3578 689 3665 mittam,
729 3576 953 3650 Graecarum
983 3586 1020 3646 et

53 3712 272 3785 Latinarum
300 3710 491 3785 literarum
522 3712 664 3784 eximia
689 3712 843 3785 seientia
869 3706 1018 3811 praedi·
