2550 4590
501 312 551 324 -
602 272 680 345 242
729 309 781 322 -

22 384 49 483 :³
129 438 230 520 ¹bue
263 444 356 517 lmra
389 439 534 514 decima
568 437 795 513 condebatur
825 436 926 528 dier,
966 451 1006 511 et
1043 440 1126 511 uiue

160 601 265 654 rrrcra
291 544 426 650 leclum
454 570 615 671 petebat
665 572 785 645 Sexte
806 575 991 647 mattrtina
1012 595 1125 648 voca·

83 768 99 787 t
160 726 218 786 tur
248 732 299 784 ex
327 710 422 781 lectu
451 718 604 804 repente
629 727 671 780 re
706 707 895 806 corripuit.
953 707 1124 782 Hiberum

32 916 40 943 ,
158 846 347 933 marceni,
380 841 575 915 undecima
596 843 828 940 vespertina,
849 845 931 916 eine
954 844 1035 917 ulla
1054 866 1121 917 ex-

4 1072 10 1099 l
36 1016 40 1025 ·
159 986 341 1082 ceptione,
367 993 406 1053 et
426 991 600 1076 tanquam
621 978 746 1075 aliqua
769 979 849 1075 lege
874 992 1042 1075 cogente,
1066 1005 1121 1054 re·

91 1178 95 1189 .
157 1119 333 1196 movebat
362 1117 512 1189 lumina
562 1114 717 1189 Partem
745 1114 808 1188 die
836 1116 929 1189 bura
960 1118 1121 1215 septima

157 1256 302 1329 redibat
330 1250 379 1326 ed
409 1272 514 1348 opus.
570 1248 797 1325 Diffiudebat
832 1273 981 1350 quoque
1021 1253 1118 1328 diem

157 1391 312 1471 insititio
338 1407 469 1460 rumne
489 1384 654 1460 meridie
680 1384 824 1484 Nempe
838 1409 1001 1484 pramus
1016 1412 1117 1487 prae-

155 1522 359 1597 stolabatur
387 1518 495 1592 illum
527 1518 568 1591 111
594 1518 696 1590 sella.
753 1519 828 1592 llic
859 1522 1116 1617 paratiauimru

158 1659 362 1733 Gcrnerum
398 1653 705 1752 amplectebatur,
745 1668 785 1728 at
811 1678 887 1728 nun
917 1669 1040 1748 arcte,
1078 1671 1115 1731 ut

155 1813 353 1871 nocturnus
373 1796 459 1883 ille,
489 1796 553 1890 qui
572 1794 696 1888 gravis
729 1808 809 1869 emt
840 1809 878 1868 et
902 1798 1113 1887 continuem

154 1933 220 2006 sed
243 1932 547 2016 cameliacinse,
581 1942 622 2003 ut
644 1952 712 2026 per
738 1930 983 2027 quadrantem
1006 1933 1112 2007 berei

154 2069 212 2139 rui
242 2067 407 2139 ccmcius
435 2086 510 2136 nen
542 2063 689 2152 sitisset,
723 2065 823 2137 illico
851 2064 991 2139 abibat.
1043 2064 1112 2141 sel

154 2199 224 2270 lmc
247 2219 405 2295 parvum
428 2195 644 2267 beneficium
668 2200 761 2269 tanti
782 2197 1008 2272 aestimabat
1027 2200 1120 2293 Gor

154 2356 284 2422 uerus,
308 2344 351 2407 ut
377 2333 458 2404 rinc
483 2330 550 2402 illu
579 2329 651 2404 ribi
673 2331 887 2431 displiceret
910 2360 983 2434 per
1007 2308 1113 2413 uui}¹

152 2469 205 2561 id,
231 2469 332 2569 quud
351 2469 533 2565 reliquum
556 2480 635 2541 erat
652 2467 738 2542 diei.
788 2472 903 2565 igitur
924 2473 1023 2549 bura
1043 2478 1111 2575 pri·

151 2628 214 2679 ma
233 2604 282 2677 ad
312 2601 597 2709 secundampia
619 2605 757 2676 coniux
787 2606 826 2676 111
854 2609 1021 2714 rtaticne
1051 2632 1112 2708 pc

152 2751 294 2829 tuerat,
334 2741 417 2836 qui,
458 2722 520 2811 vel
550 2761 644 2834 quae
672 2738 719 2811 ad
754 2743 927 2814 maritum
971 2745 1111 2821 adinum

150 2863 443 2946 intercluderent.
495 2871 597 2944 Etsi
621 2875 702 2969 quis
725 2873 820 2944 forte
849 2874 982 2951 audax
1001 2880 1110 2954 bomo

149 3032 216 3107 per
244 3007 442 3082 muliebres
472 3006 657 3081 custodiae
685 3032 849 3103 egressus
879 3022 1112 3112 pervenisset

149 3167 223 3243 quo
252 3145 439 3231 voluerat,
469 3145 502 3216 is
529 3166 604 3216 non
624 3144 836 3219 inveniebat
866 3147 1053 3241 blanssrm
1073 3156 1109 3229 fl.

148 3280 225 3353 lum
248 3292 285 3353 et
307 3279 491 3352 affabilem
514 3278 735 3370 Gesnerum3
760 3281 825 3353 sed
849 3283 967 3358 alium
989 3291 1107 3386 plane,

147 3420 424 3507 submonitum,
469 3430 507 3490 et
541 3418 832 3508 stomachorum,
871 3424 1107 3528 similemque

63 3596 70 3613 ·
147 3549 238 3623 Pani
260 3552 497 3641 Theocritet),
531 3553 594 3648 qui
617 3550 661 3625 τὸ
692 3556 1038 3654 μεσαμβρινὸν-
1052 3593 1104 3637 xt-

147 3689 307 3783 κμακώς
335 3687 567 3787 &madefac
601 3688 683 3765 ἐντί
706 3718 748 3784 γε
774 3691 929 3792 πικρός,
960 3701 1048 3777 Καί
1072 3701 1105 3775 ol
