2550 4590
597 180 855 308 ss-et-

247 434 360 511 quam
375 418 475 482 recte
497 417 535 478 et
555 405 697 478 utiliter
718 405 858 496 fecere,
880 408 962 480 aive
983 421 1051 481 tua
1070 422 1223 507 sponte,

247 554 330 626 aive
355 546 402 621 ab
432 543 585 619 alteriue
614 542 770 615 consilio
801 555 842 639 et
867 541 1064 619 admonitu
1094 546 1225 621 facin

248 686 299 759 Et
320 679 452 768 audio,
476 678 641 752 Geanero
665 691 834 768 mortuo,
858 679 954 753 hanc
978 684 1227 781 inspectionia

248 820 482 922 provinciam
512 839 594 889 ease
622 815 826 905 sublatam,
851 820 1066 914 rogantibus
1090 818 1227 895 civitass

126 1013 130 1021 .
250 972 330 1033 tum
359 952 653 1050 magiaembus,
682 966 721 1025 et
748 952 927 1027 facilitate
957 969 1069 1053 etque
1098 954 1227 1033 indul-

250 1095 374 1190 geutia
387 1092 596 1189 primatum
623 1089 838 1162 aulicorum.

240 1260 244 1268 ·
328 1228 401 1306 His
438 1237 596 1324 quatuor
631 1227 802 1323 personia
841 1224 1015 1299 adiuncta
1050 1241 1109 1301 eet
1136 1242 1228 1302 ante

252 1370 323 1445 boa
343 1365 472 1440 decem
494 1361 613 1436 annea
637 1365 785 1461 quinta,
807 1386 909 1454 cum,
938 1367 1110 1439 institute
1128 1369 1228 1445 Ace—

252 1501 380 1576 ‹lemia
418 1496 688 1584 doctrinm,
710 1497 784 1593 ipsi
817 1497 945 1571 classis
974 1499 1153 1574 historice
1190 1514 1230 1577 et

193 1684 196 1691 -
253 1633 480 1737 pbilelogica
508 1628 648 1702 credita
675 1642 749 1718 est,
781 1628 832 1702 ad
861 1643 1074 1705 extromum
1113 1608 1230 1727 &arn

255 1771 371 1845 totius
400 1763 626 1841 Academiae
654 1763 883 1857 gubernatio.
938 1764 1048 1842 Hanc
1080 1789 1232 1870 quoque

256 1923 456 2006 personam
478 1902 532 1974 ita
553 1896 684 1994 gessit,
709 1912 750 1972 ut
772 1913 811 1973 et
829 1900 1055 1976 Academiae
1071 1907 1232 2000 gloriam

259 2044 411 2120 nemine
439 2061 509 2113 suo
537 2038 758 2126 illustraret,
781 2054 819 2112 et
840 2039 1009 2136 pluribus
1035 2043 1231 2123 literarum

259 2174 444 2275 capitibus
463 2192 602 2244 novam
623 2171 742 2244 lucem
764 2170 989 2264 accenderet,
1011 2199 1094 2249 cum
1119 2200 1162 2251 se
1180 2164 1233 2257 fl

259 2338 307 2389 ea
329 2311 541 2406 diligentius
561 2307 732 2383 rimanda
754 2321 792 2381 et
813 2308 1034 2386 illustranda
1053 2312 1231 2395 dedieeet

259 2447 320 2522 Ea
339 2466 435 2543 quae
456 2444 549 2531 rint,
570 2442 826 2515 commentarii
839 2441 1063 2519 Academiae
1083 2447 1242 2541 decedo,

224 2588 227 2593 '
261 2596 302 2658 at
323 2580 480 2658 acbedee
503 2579 783 2674 Gottingemes,
805 2602 899 2676 quae
921 2581 969 2655 de
990 2579 1096 2657 libris
1118 2591 1229 2665 novit

250 2729 468 2819 'expommt
525 2715 597 2792 Per
623 2739 705 2790 eam
727 2720 956 2793 occasionem
978 2724 1091 2795 etiam
1114 2723 1228 2799 dedu·

263 2867 345 2928 ctua
373 2866 430 2927 eat
453 2851 503 2927 ad
525 2850 706 2949 Orphica,
729 2869 827 2926 certe
858 2853 1069 2951 diligentius
1092 2858 1137 2958 †)
1158 2874 1228 2934 tra—

104 3038 108 3045 ·
263 2988 415 3078 clauda,
430 2987 478 3061 de
494 2987 627 3086 quibus
647 2998 735 3086 post
753 2987 927 3063 dicemus.
978 2992 1107 3090 Neque
1129 2995 1227 3084 haec,

265 3125 436 3221 quamvis
458 3121 577 3195 multa
601 3133 638 3193 et
657 3144 791 3215 magna
813 3134 851 3194 ct
870 3124 982 3222 plena
1003 3126 1163 3218 laboris,
1177 3131 1228 3203 ita

265 3285 350 3337 eum
373 3261 621 3361 occupabant,
643 3272 685 3355 ut
705 3260 799 3334 nibil
821 3280 1031 3362 superesset
1052 3272 1228 3367 temporit
1270 3282 1272 3299 '

265 3398 319 3475 ed>
335 3401 461 3475 literas
486 3400 633 3499 scriptia
648 3397 832 3487 iuvandas
854 3414 892 3476 et
914 3403 1117 3478 ornandae:
1140 3428 1239 3507 quae,

265 3531 313 3607 ab
342 3557 388 3609 eo
418 3545 475 3609 tot
503 3557 548 3609 ac
575 3533 665 3607 talia
694 3533 892 3627 habemus,
922 3551 966 3613 ut
1000 3541 1094 3617 nibil
1130 3538 1230 3627 aliutl

307 3688 346 3769 l)
365 3690 434 3773 ΡΨ·
453 3687 528 3750 ⁴⁸⁰·
1266 3698 1269 3704 ’
