2550 4590
442 292 791 365 -11-·

79 460 154 533 lrac
187 460 499 559 praescriptione:
533 460 720 537 macte
759 462 938 539 mmet
976 486 1056 539 auu.

81 596 129 667 ln
154 594 337 669 institutio
367 596 443 671 viri
476 596 607 687 halitu,
639 596 774 695 quibua
795 622 881 673 enm
901 600 1013 695 longe
1033 622 1059 675 a

47 796 50 801 .
78 732 186 809 tarn
216 732 469 831 paedagogice
488 732 674 825 abfuisse,
695 746 736 809 et
761 738 936 811 varietati
956 738 1057 832 inge-

80 869 235 941 nicrum
256 868 538 945 accommodare
558 870 713 947 uoliurrn
733 870 972 972 disciplinam
990 885 1059 971 pa·

82 1018 185 1099 wat,
206 1006 278 1081 boc
299 1012 468 1083 rnaxirne
486 1012 781 1101 numeraverim,
802 1010 907 1109 quod
921 1010 1060 1087 Genne-

81 1166 151 1219 ruu
187 1144 346 1219 libenter
385 1146 569 1222 narrabat
621 1144 717 1223 curn
753 1146 1061 1223 in··.lectiunibnt

83 1280 271 1357 tradenda
307 1282 479 1377 videbat,
516 1308 611 1384 qnae
644 1284 695 1359 ad
722 1284 929 1359 Gennerurn
966 1286 1063 1382 nibil

82 1420 334 1519 pertinerent,
356 1419 677 1518 intelligebatqne,
697 1442 801 1511 curn,
823 1423 857 1495 ri
882 1420 978 1495 nihil
994 1418 1062 1493 aliss-

83 1552 163 1645 nd,
182 1556 332 1653 cantv)
359 1556 454 1629 nibil
474 1570 662 1648 actarum,
683 1554 785 1655 qnod
814 1558 887 1632 vix
920 1554 1064 1653 operati

84 1702 217 1791 puteat
236 1694 277 1765 in
300 1694 491 1768 alacrioris
519 1696 658 1789 ingenii
687 1714 826 1792 puero,
858 1704 897 1765 et
915 1704 1063 1789 tempu·

85 1825 342 1925 perditurum,
369 1810 579 1920 adferebat,
610 1826 713 1929 qnod
740 1832 826 1927 ipsu
853 1838 979 1921 ageret
1005 1848 1064 1903 tc.-
1207 1854 1210 1863 ¹

85 1966 252 2065 paratim
280 1954 476 2057 acetaria,
500 1966 626 2040 lourm
653 1962 900 2039 difficiliorem
925 1984 949 2061 e
976 1963 1066 2061 καὶ·

87 2110 201 2197 pture
234 2100 398 2193 Graeco,
420 2114 486 2177 aut
515 2100 691 2176 aaudiat
715 2098 923 2187 Hebraico,
952 2118 1067 2197 saepe

88 2236 206 2309 etiarn
239 2258 316 2311 tnta
349 2240 627 2315 continuatione
666 2250 706 2310 et
742 2239 824 2311 tine
856 2234 1067 2311 aeoentibon

89 2376 273 2475 ata-iptnrn
288 2378 362 2476 ”),
375 2378 492 2453 verba
512 2380 605 2451 item
628 2376 773 2450 Graeca
793 2387 861 2451 aut
880 2374 1070 2451 Hebreiua

91 2520 307 2585 temero-ac
331 2512 436 2593 nullo
466 2508 598 2587 ordine
625 2524 820 2600 contexta,
840 2534 954 2609 qnae,
977 2510 1068 2585 dum

91 2654 237 2718 caterua
263 2637 431 2734 duceret,
444 2647 528 2741 ipae
547 2648 774 2745 explicaret,
790 2656 830 2718 et
850 2644 986 2719 deinde
1000 2668 1070 2719 ex·

91 2782 236 2881 plicata
261 2770 498 2881 praeceptori
524 2783 706 2855 dederet:
736 2805 811 2881 qna
838 2804 882 2856 rc
915 2784 1070 2857 nuriuoe

94 2914 342 2990 adolescentia
362 2918 552 3011 ingenium
573 2918 622 2991 ad
642 2916 894 3015 quaerendum
909 2931 947 2991 et
966 2921 1071 2993 inve·

85 3052 309 3151 'atigandurn
346 3053 556 3129 acuebatur.
624 3052 720 3129 Cum
762 3058 856 3129 nihil
896 3058 1073 3132 audem

98 3214 170 3291 per
202 3192 295 3265 tales
324 3192 555 3281 occasiones,
578 3190 791 3288 patiebatur
817 3214 903 3265 eurn
929 3194 1073 3263 interea

99 3328 194 3401 aliar
222 3350 283 3401 reu
312 3327 630 3417 naturalitater
661 3325 853 3422 Syriacae,
880 3326 1071 3416 Arabicae,

143 3592 177 3677 ·)
198 3594 254 3655 Ed.
275 3615 319 3674 pr.
338 3606 374 3655 ut
390 3596 466 3657 nibil
486 3628 524 3645 -
537 3618 646 3681 puero,
666 3607 748 3659 curte
760 3606 873 3679 tcaput
893 3606 951 3657 etc.
992 3594 1053 3655 l'll.

147 3731 196 3814 ⁸⁶)
218 3734 274 3794 Ed.
295 3754 338 3813 pr.
360 3737 497 3817 ooeiprtuo.
581 3734 663 3797 nn·
