2550 4590
427 248 807 323 ...233-.

80 428 209 501 berem
236 421 424 521 frigidum.
474 422 534 495 lto
558 432 669 495 notus
690 432 747 495 ost
768 422 809 494 in
826 421 956 493 animo
972 442 1059 495 meo

79 569 247 667 prinlum
284 562 334 637 ad
373 562 470 635 bono
496 570 616 633 anun
641 571 795 657 torpor,
823 572 904 635 urm
937 559 1063 655 neglea

77 716 161 779 otus
207 724 295 777 eum
344 712 402 774 eet
443 702 659 789 insecutus,
719 696 871 771 tandem
915 698 1062 773 oblivio
1096 786 1099 791 ¹
1221 744 1230 757 -

79 844 163 917 eius
190 862 255 915 me
284 842 403 941 oepit,
437 851 477 913 ot
504 860 625 939 poene
657 834 804 911 odium·
853 834 980 929 Quare
1004 848 1064 909 to·

80 994 164 1055 tum
200 1002 264 1053 mo
298 982 341 1053 in
371 980 499 1053 literas
531 976 772 1051 humaniores
811 973 962 1064 abdidi,
1010 970 1062 1049 ao

81 1140 176 1217 quos
195 1118 449 1215 intelligebam
472 1112 638 1189 altimum
651 1114 746 1189 mibi
762 1116 882 1211 magis
899 1132 1064 1213 propen-

80 1256 183 1333 dere.
246 1253 333 1346 Quo
360 1258 400 1327 in
431 1222 571 1351 coopto¹
592 1276 655 1327 me
684 1256 805 1349 magis
828 1251 1065 1327 confirmavit

81 1396 322 1473 Serm'nsimi
352 1391 536 1489 Principis
558 1392 754 1481 voluntas,
793 1412 890 1489 qnae
910 1394 1065 1465 ineunte

80 1554 183 1611 anno
201 1536 328 1609 1748„
343 1527 504 1602 docendi
526 1528 676 1603 arabica
696 1540 825 1628 partes
845 1527 940 1603 mibi
958 1550 1066 1604 mon·

81 1672 204 1761 davit,
227 1666 406 1743 attributo
430 1666 621 1765 stipendio
637 1680 927 1743 annuo-uentum
946 1667 1066 1743 ssralo-

80 1830 223 1885 rorum.
275 1806 417 1881 Docotn
441 1828 492 1879 ox
515 1829 561 1879 oo
582 1820 753 1905 temporo
769 1828 870 1881 nuno
890 1806 1068 1881 exientnt

81 1948 296 2045 anni‚'quos
308 1948 350 2019 in
364 1943 558 2019 tradendis
572 1945 691 2019 literis
706 1947 848 2042 graecis
866 1942 1068 2043 latinisque

84 2100 126 2161 et
137 2083 311 2173 arabicis,
325 2083 555 2183 edendisque
566 2086 722 2161 maioris
740 2087 972 2182 minorisque
984 2102 1069 2157 rno-

84 2226 135 2301 lis
150 2222 341 2323 operibus,
363 2222 431 2296 sed
447 2225 561 2298 otiam
583 2225 624 2297 in
639 2226 785 2321 magnis
798 2226 855 2298 rei
869 2222 1068 2297 familiario

84 2364 270 2459 angustiis
301 2364 498 2435 oonsurnsi.
557 2361 661 2452 Quas
684 2366 886 2459 angustiae,
919 2382 972 2435 ex
992 2380 1069 2459 quo.

87 2502 348 2579 Proseioorum
371 2521 562 2575 annorum
592 2504 655 2577 vie
684 2504 847 2601 petriam
869 2490 1070 2599 oppressit,
1182 2474 1209 2541 ’-

86 2640 249 2715 mirifica
276 2601 489 2711 hmrmnitab
518 2650 557 2710 ot
584 2638 790 2713 liberalitas
825 2638 994 2713 Ernestii
1021 2636 1068 2711 V.

87 2776 133 2855 C.
156 2778 382 2867 subleuauit,
408 2778 471 2873 qui
487 2794 556 2875 por
576 2776 767 2851 biennium
787 2776 907 2851 senne
921 2775 994 2850 sibi
1009 2798 1071 2851 me

89 2914 354 3016 quotidianum
387 2916 639 2989 convictorem
662 2938 743 2989 esse
773 2918 906 3005 voluit.
959 2912 1073 3005 Quod

89 3057 280 3151 egregium
301 3068 337 3127 ot
356 3076 483 3128 rarum
500 3046 729 3129 bonolioiuni
742 3068 784 3128 ut
804 3056 942 3129 summi
961 3055 1073 3143 facio,

87 3214 213 3290 noque
234 3192 356 3265 lbcere
386 3214 543 3289 possum
573 3196 663 3293 quin
687 3192 995 3282 summissum,
1019 3192 1075 3265 ito

91 3328 256 3405 studebo
277 3329 400 3405 mollis
423 3331 597 3404 omnibus
618 3329 773 3419 elliunre,
795 3340 839 3403 ut
858 3330 942 3419 hoo,
971 3328 1074 3427 quod

92 3466 200 3567 apud
219 3490 304 3541 euni
328 3472 501 3542 contraxi
525 3492 699 3563 magnum
722 3488 873 3561 nornen,
894 3466 1075 3569 obsequio

92 3602 301 3706 officiisque
338 3606 593 3705 praestandis,
634 3617 833 3706 motaeque
869 3606 1076 3683 voluntatis

90 3744 420 3821 testificationibus
452 3746 585 3845 quibus
609 3758 744 3845 potero
767 3746 941 3825 omnibus
963 3744 1075 3819 oden-
1112 3730 1126 3737 ”
