2550 4590
409 340 460 356 -
512 296 585 375 '115
637 344 688 356 -

67 472 328 572 privatimque.
388 468 529 543 Aderat
559 460 677 545 'nobis
714 472 793 544 eius
824 474 1030 565 consilium,

65 624 103 685 ot
141 612 223 685 vivi
265 609 368 682 fama
404 584 640 708 splendorem
682 610 769 685 buic
808 612 1031 690 Academiae

66 746 256 823 servabat:
282 744 443 846 deniquo
463 758 590 845 preces
617 752 697 823 eius
718 758 911 851 utramque
935 754 1031 830 lianc

67 884 254 959 ciuitatem
291 878 376 953 Deo
414 881 728 958 commendavere.
790 880 1030 962 Succurreba-

68 1032 126 1093 tor
149 1020 185 1092 ei
212 1041 236 1092 a
266 1014 478 1115 discipulis,
510 1016 705 1118 disciplina
730 1020 949 1096 Emestiana
974 1023 1030 1097 di·

67 1158 270 1255 gnissimis,
292 1157 355 1253 qui
389 1178 452 1227 ore
477 1177 545 1229 suo
571 1154 667 1249 Vos,
696 1158 894 1232 censuim
916 1134 1029 1250 Cebes,
1098 1192 1124 1202 v·
1160 1214 1164 1227 .

67 1294 203 1371 abillo
229 1290 355 1367 do'ccd
380 1293 529 1367 vellent.
578 1294 809 1369 Intellectum
831 1294 1030 1389 cst,'mor-

66 1434 121 1505 tui
145 1428 382 1527 disciplinam
414 1428 495 1500 lora
526 1428 687 1520 salvam,
714 1452 807 1529 quae
832 1434 924 1507 vivo
951 1446 1028 1509 tam

66 1566 226 1641 officiose
252 1576 541 1637 corrservaretm.
593 1564 692 1638 Sane
724 1566 913 1666 aliquanto
942 1568 1028 1668 plus

67 1698 278 1775 detrimenti
303 1716 416 1794 passa
441 1708 538 1770 esset
561 1696 764 1773 Academia
789 1712 933 1791 nostra,
959 1700 1029 1775 Er-

64 1839 186 1912 nertio
208 1836 286 1907 iam
311 1832 489 1905 antehoc
515 1834 823 1930 quinquennium,
848 1837 889 1907 in
907 1837 1031 1933 prima

69 1972 308 2073 oppressione
341 1967 483 2057 morbi,
509 1980 656 2065 erepto,
682 1971 770 2067 quia
793 1992 835 2043 se
860 1970 981 2043 minu
1006 1996 1030 2046 a

65 2110 258 2213 repentino
298 2110 335 2177 et
369 2104 505 2177 damno
539 2116 579 2177 et
607 2102 737 2177 dolore
768 2106 931 2205 recipere
962 2106 1030 2207 po-

66 2249 207 2323 tuisset.
272 2241 351 2340 Ipsi
382 2261 528 2337 quoque
558 2250 636 2313 tam
668 2240 789 2313 lentus
830 2242 873 2314 ac
904 2241 1029 2327 mollis

67 2384 192 2461 exitur
240 2377 416 2473 singulari
466 2376 641 2450 beneficio
690 2377 821 2453 dli-ino
870 2376 1029 2477 contigit.

65 2520 161 2599 Nam
186 2536 301 2617 qurum
333 2524 458 2586 assam
491 2512 527 2585 ei
557 2524 667 2584 antea
694 2534 824 2587 sensus
850 2518 1030 2605 acerrimi,

65 2654 307 2733 demolisset
330 2647 575 2723 incommodis
601 2648 677 2721 suis
702 2648 833 2747 ipsius,
854 2649 1030 2724 domesti-

66 2794 141 2883 cis,
172 2786 304 2864 alienis
335 2792 560 2879 magnopere
592 2781 826 2873 adficeretur,
853 2785 927 2857 isto
953 2796 1030 2858 tor·

63 2952 157 3029 pore
191 2924 335 3025 optime
367 2919 560 3018 provisum
598 2916 679 2989 ibit
731 2914 793 2991 Ad
819 2914 1028 2993 extromum

62 3056 342 3137 nihilomnino
372 3054 412 3125 ei
444 3048 642 3124 molestum
668 3062 764 3139 erat,
789 3056 836 3125 ne
864 3052 1031 3126 remedia

64 3197 234 3299 quidem,
249 3208 382 3289 corpus
397 3187 489 3259 alias
503 3183 563 3259 vel
576 3183 767 3279 fatigantis
782 3183 843 3259 vel
856 3198 1029 3285 torquen-¹

62 3336 128 3409 tia,
161 3330 212 3403 Et
234 3326 401 3423 requiem
427 3318 547 3393 talem'
569 3342 592 3391 a
612 3316 801 3391 laboribus
823 3316 1030 3392 indefessae

62 3466 270 3541 industriae
284 3460 369 3533 viro
381 3456 592 3527 'tlestinarat
610 3435 756 3526 summa
775 3452 848 3523 Ilei
865 3452 1028 3549 bonigniss

60 3620 140 3696 tas,
158 3626 253 3703 piac
272 3616 400 3672 omnes
425 3594 572 3668 dolosos
595 3594 760 3691 corporis
780 3590 827 3664 ab
843 3612 887 3664 ao
903 3592 1029 3691 'probi-

62 3745 224 3829 buisset,
256 3758 325 3809 nec
354 3732 426 3805 nisi
458 3740 681 3804 senectutem
714 3728 835 3824 ipsam
865 3728 904 3799 tri
922 3742 1029 3799 ¹nro'r-

875 3868 927 3937 81
