2550 4590
409 260 796 343 ·.-62-

192 468 279 521 nem
307 454 484 516 tenerent.
548 441 641 513 Eius
670 441 934 513 mirationem
964 439 1013 512 ab
1041 461 1089 512 eo
1115 443 1158 515 in

194 581 424 680 praefatione
446 576 547 653 Livii
575 575 779 674 Lipsiensis
809 584 977 661 accurate
1004 580 1159 675 exposi-

194 728 271 788 tam
293 734 509 808 cognoscere
531 721 700 807 possunt,
720 713 784 806 qui
804 710 942 785 volent
979 707 1058 784 Nos
1079 713 1158 809 qui-

162 836 164 841 ’
197 846 281 921 dem
304 860 342 920 et
364 847 438 943 ipsi
466 845 560 917 hanc
585 846 770 948 rationem
798 855 1007 919 constanter
1027 844 1076 944 †)
1101 866 1145 917 se

54 976 57 981 ’
144 989 272 1135 &iti
298 1006 425 1056 sumus
453 983 495 1053 in
527 979 663 1054 Schola
688 980 889 1054 Thomana
947 982 1017 1054 Per
1045 984 1161 1073 vices,

181 1122 239 1193 'ut
257 1120 328 1193 hoc
345 1131 440 1206 utar,
460 1118 562 1188 horis
585 1114 886 1189 antemeridianis
903 1117 958 1188 ita
978 1119 1162 1217 interpro-

196 1257 367 1350 tabamur
399 1255 584 1345 orationes
611 1266 651 1325 et
679 1253 856 1351 epistolas
884 1249 1093 1344 Ciceronis,
1119 1268 1163 1329 ut

199 1370 312 1464 unum
340 1400 378 1461 et
397 1388 554 1460 alterum
577 1385 713 1461 librum
740 1386 981 1485 epistolarum
1006 1409 1083 1461 uno
1107 1400 1162 1461 te-

198 1548 300 1613 nore,
325 1523 425 1595 senis
445 1545 513 1620 per
535 1543 646 1617 unam
670 1519 906 1593 hebdomada
928 1521 1074 1623 dierum
1095 1516 1164 1595 ho-

199 1661 269 1747 ris,
293 1656 583 1754 explicaremus:
616 1656 664 1728 iis
685 1656 824 1728 mensis
845 1656 923 1727 fore
944 1657 1055 1729 unius
1075 1662 1166 1755 spad

200 1794 254 1865 tio
278 1789 488 1878 absolutius
502 1788 634 1872 eodem
661 1788 777 1863 modo
804 1791 948 1886 aliquot
975 1793 1162 1865 orationes

155 1936 170 2005 .“
200 1928 471 2003 contrahamus.
503 1928 561 2001 lta
581 1939 749 2001 vertente
770 1950 886 2018 anno,
910 1951 995 2001 cum
1015 1952 1159 2004 summa

199 2087 323 2137 rerum
343 2076 509 2135 actamm
531 2063 653 2151 fleret,
685 2061 882 2134 dimidium
904 2076 1001 2135 certe
1024 2066 1158 2163 episto

201 2201 320 2272 iarum
344 2198 520 2271 volumen
551 2208 591 2269 ct
610 2196 770 2269 sedecim
794 2199 954 2296 arnpiius
975 2203 1158 2275 orationes

200 2335 389 2409 absolutes
411 2330 612 2411 constabat
669 2334 764 2405 Item
789 2357 872 2407 cum
892 2334 1009 2408 libros
1037 2335 1086 2409 de
1106 2337 1159 2409 oi-

201 2467 292 2539 ficiis
314 2466 648 2564 proposuissemus,
665 2464 829 2560 singulos
848 2466 964 2541 libros
986 2491 1064 2542 una
1079 2492 1160 2543 con·

67 2591 72 2607 ’
199 2606 416 2692 uenatione,
442 2625 487 2673 eo
507 2625 580 2698 quo
604 2601 770 2679 diximus
796 2603 922 2692 modo,
949 2606 1161 2703 explicaba-

201 2761 283 2811 mus
290 2789 301 2847 2
328 2751 370 2811 ut
390 2738 587 2811 intervalla
612 2760 689 2810 non
712 2740 873 2835 capitum
901 2753 941 2811 ct
959 2764 1161 2838 parvarum

201 2876 482 2971 particularum,
518 2874 585 2947 sed
622 2874 800 2948 librorrun
831 2878 969 2950 iicrent
1031 2880 1163 2977 ltaque

204 3013 265 3106 qui
288 3024 444 3108 quatuor
463 3026 528 3084 nort
548 3025 622 3085 tres
642 3036 759 3085 annos
788 3016 846 3086 usi
870 3029 976 3088 erant
997 3015 1163 3118 discipli·

202 3150 250 3217 na
270 3158 415 3235 nostra,
441 3144 655 3221 Ciceronem
675 3171 751 3220 non
771 3170 822 3221 ex
842 3153 997 3223 articulo
1020 3176 1098 3226 uno
1125 3168 1164 3228 et

201 3281 289 3349 item
312 3279 439 3367 altero,
465 3279 528 3351 sed
551 3303 750 3376 permagna
770 3285 829 3354 sui
849 3299 955 3382 parte
980 3310 1163 3380 cognove-

201 3427 298 3490 rant:
325 3437 479 3512 eamque
502 3419 682 3489 rationem
706 3417 896 3517 discipulis
919 3427 1058 3527 nostris
1078 3426 1162 3522 piu·
1193 3420 1195 3425 ’

98 3593 101 3597 -
176 3587 177 3591 =
200 3549 334 3622 rimum
353 3552 429 3621 scio
450 3561 487 3619 et
507 3549 555 3620 ad
577 3550 852 3644 intelligendum
878 3556 977 3628 etad
1000 3558 1163 3635 scriben-

208 3698 276 3778 .†)
299 3699 367 3779 ng.
388 3699 461 3760 eos.
591 3752 594 3757 ,
