2564 4590
311 278 317 289 ·
507 278 559 289 -
609 238 687 318 270
737 277 788 289 -

167 422 292 481 tamen
317 405 503 503 arniritiae
532 407 612 479 eius
634 426 710 478 non
733 404 976 481 scholasticae
997 429 1137 483 omnes

166 546 393 622 Consecutus
419 544 533 617 etiarn
548 556 606 615 est
629 564 711 617 non.
731 566 869 641 paucas
895 547 1069 619 virorum
1091 548 1137 619 Il·

165 681 473 755 lustrissimorum
505 688 544 749 et
586 676 729 751 ordinis
758 680 1005 778 amplissimi,
1047 704 1135 779 quas

158 792 266 921 'noire
281 816 390 889 lacile
413 814 572 903 «linebant,
593 816 627 887 si
653 816 763 889 altior
784 840 826 889 se
840 816 1019 890 demittat
1032 820 1130 917 paul-

166 957 302 1043 lulum,
335 966 374 1025 et
398 951 553 1024 interior
580 952 851 1048 aliquantulum
878 974 922 1027 se
942 954 1064 1049 erigat
1083 970 1134 1029 at·

163 1094 354 1191 tolletque}
378 1087 561 1189 sumeatlo
580 1088 795 1187 superbiam
819 1092 1031 1189 quaesitam
1061 1116 1132 1167 me-

162 1234 261 1331 ritis.¹
305 1226 545 1303 Aretissimao
566 1236 691 1299 tamen
712 1194 751 1299 et
771 1226 842 1299 hae
855 1226 1025 1317 luerunt,
1049 1252 1133 1327 qua-

161 1388 246 1439 rum
274 1359 409 1459 copula
436 1370 561 1432 essem
582 1358 740 1432 litterae.
793 1358 856 1433 Sie
879 1374 975 1433 nata
999 1376 1039 1435 et
1060 1384 1131 1435 aar·

161 1512 252 1577 rata
279 1510 336 1569 est
371 1491 700 1587 Hardeubergiaaa
729 1493 805 1565 illa.
857 1490 926 1565 Vir
959 1494 1023 1569 laic
1049 1498 1131 1571 lllu·

160 1634 363 1707 attissimus
382 1628 610 1703 invitaverat
632 1648 717 1699 eum
738 1626 779 1699 in
797 1626 1003 1723 praedium
1014 1654 1131 1721 sumn,

39 1806 48 1819 ·
161 1772 264 1843 enirn
291 1766 580 1862 descriptionem
603 1784 654 1835 ex
675 1776 784 1861 parte
806 1762 1000 1839 dedicatio
1026 1766 1131 1841 hah«

160 1900 376 1979 Horatiana.
434 1896 529 1973 Cum
551 1920 645 1971 mox
667 1908 797 1993 eaptus
818 1910 931 1971 esset.
944 1900 1032 1973 eius
1056 1898 1130 1975 ‹lul-
1167 1962 1169 1973 .

158 2038 298 2125 rodino,
320 2036 526 2129 diligenter,
550 2046 593 2105 ut
616 2032 799 2105 altissima
816 2032 857 2105 in
879 2054 928 2107 eo
951 2048 1040 2109 erat
1053 2060 1127 2111 eru

157 2174 251 2245 (litio
277 2173 447 2256 atiniae,
473 2169 640 2239 excussit
666 2168 821 2241 Gesneri
843 2170 1130 2267 intelligentiam

156 2308 334 2383 historiae
370 2296 492 2377 omnis
531 2314 571 2377 et
611 2302 837 2393 litterarum,
880 2328 955 2403 per
991 2311 1129 2413 aliquot

149 2426 278 2521 'norm
331 2440 442 2533 Quod
473 2416 562 2514 alio¹
584 2452 754 2538 temporo
787 2444 927 2517 iterum
956 2445 1072 2539 lecit,
1098 2464 1128 2523 et

154 2586 210 2659 ita
234 2582 403 2681 quidem,
437 2593 479 2653 ut
512 2578 697 2651 Gesnerus
729 2581 812 2677 ipse
843 2581 987 2659 alieubi
1004 2588 1042 2683 ⁸)
1067 2590 1126 2665 hoe

154 2720 346 2817 reliquerit
364 2727 558 2790 testatum:
612 2715 693 2805 Quo
715 2737 806 2809 ego,
838 2716 911 2815 qus*
932 2722 1057 2799 ωιίρ,
1071 2748 1124 2799 03.

146 2851 383 2951 plorandum
410 2846 603 2951 praebe-re
646 2872 706 2923 me
750 2846 882 2937 delui,
932 2856 1123 2931 aarum.

153 2990 406 3089 quaesitorem
440 3010 633 3085 nunquam
666 2997 847 3085 expertus
872 3010 974 3063 mm.
1038 2992 1120 3071 oum

152 3151 243 3201 vero
276 3124 451 3199 subiisset
472 3122 542 3197 hoe
572 3120 620 3195 ab
650 3142 696 3193 eo
726 3116 907 3209 examen,
948 3132 1119 3229 explosa.

151 3278 211 3339 tor
235 3266 410 3339 scientiae
429 3260 678 3335 Gesnerianae
706 3259 1035 3341 Generosissimum
1059 3292 1120 3343 ex·

192 3496 224 3577 ⁸)
246 3500 280 3559 ln
301 3502 421 3577 epistola
442 3498 465 3557 l.
486 3496 518 3555 F.
541 3496 687 3569 omnent,
716 3500 801 3556 amini
821 3500 890 3555 olim
911 3509 1031 3578 nostri,
1053 3504 1115 3565 υἱ..

142 3602 312 3678 putetioni‚
339 3618 415 3678 quae
440 3596 622 3656 Herodotum
650 3598 687 3654 ab
717 3598 929 3676 interpretibus
962 3624 1023 3665 non
1050 3606 1115 3665 mis

149 3710 236 3757 caute
256 3708 417 3758 tractatam
438 3708 664 3770 commentatur,
686 3696 849 3756 subiuncta.
