2550 4590
481 320 485 325 .
580 288 634 305 -·
684 250 763 323 ηδ
816 278 868 305 -a-

238 423 375 499 berulis
401 418 625 520 disciplinas
656 421 860 511 severitas,
900 420 949 494 ab
984 404 1223 495 nnmamnte

238 574 277 637 et
301 560 568 659 superstitione
592 578 728 659 parurn
753 558 821 633 illa
845 556 1002 647 distans,
1034 582 1113 649 eos,
1139 561 1225 657 qui·

237 698 310 771 bus
335 718 360 769 a
385 706 519 769 natura
551 692 708 769 timidus
740 706 779 767 et
803 696 943 769 auxius
968 707 1224 794 augustusque

239 836 387 909 monus
413 832 565 930 obtigit,
597 832 719 907 murto
744 835 864 928 magn
891 806 1077 925 «teneare,
1103 845 1143 907 et
1166 834 1227 907 te

240 972 354 1072 plane
378 970 558 1065 affligere,
591 982 644 1044 ut.
658 982 742 1045 tota
765 966 912 1069 reliqua
937 972 1018 1046 vita
1051 970 1099 1043 ad
1127 970 1226 1043 lrila·

213 1109 391 1183 ¹ritatem
428 1106 765 1206 liberalitatemque
805 1107 992 1183 humanae
1025 1118 1227 1183 consuetu·

241 1242 340 1317 dinis
365 1238 504 1331 redire,
526 1252 567 1314 et
590 1241 706 1315 liumo
719 1264 861 1317 rursus
881 1266 923 1317 se
947 1242 1132 1332 attollere,
1155 1263 1228 1317 ve·

242 1380 301 1453 lut
325 1389 465 1453 suetae
489 1378 665 1475 procellis
698 1376 869 1468 arbores,
909 1390 1108 1475 nequeant.¹
1165 1376 1229 1451 Es

208 1480 213 1497 ι
244 1532 392 1611 quoque
418 1530 471 1585 cx
494 1523 603 1609 parte
628 1511 723 1585 milri
749 1512 1032 1585 contubernium
1051 1509 1125 1583 lroc
1142 1506 1228 1581 Ha·

244 1650 348 1725 leuse
373 1648 615 1726 vehementer
639 1650 777 1739 nocuit,
804 1646 918 1747 quod,
942 1659 985 1719 ut
1011 1657 1070 1719 est
1093 1644 1232 1717 bruna·

245 1809 297 1863 na
319 1798 455 1861 nanus
479 1791 659 1884 praecept
685 1798 726 1860 et
749 1808 864 1881 vaga,
901 1797 941 1857 et
965 1782 1142 1857 facillime
1169 1780 1231 1853 iu·

246 1938 305 1999 ter
336 1924 522 1997 contraria
552 1934 677 2012 natat,
716 1934 963 2022 posteaquam
986 1918 1109 1995 Halae
1133 1914 1233 1991 ridi·

50 2092 77 2167 '.
187 2050 193 2061 ’
247 2063 342 2140 culis
378 2074 417 2135 et
449 2063 721 2161 superstitiosis
754 2060 881 2163 Deum
913 2058 1060 2133 colendi
1098 2054 1263 2153 modis.

248 2202 524 2288 atlsuevissem,
556 2196 695 2275 deusde
720 2224 766 2275 eo
792 2200 938 2275 facilius
964 2196 1161 2272 inciderim
1186 2197 1234 2271 in

247 2340 389 2441 plagas,
413 2339 454 2411 in
480 2358 574 2434 quas
600 2314 768 2436 quinon
791 2337 959 2413 incidant
981 2339 1140 2413 iuvenes
1168 2356 1235 2409 or·

248 2478 336 2552 bem
360 2488 544 2551 terrarum
570 2490 821 2576 peragrantes,
855 2475 999 2576 oppido
1025 2476 1102 2549 rari
1128 2486 1252 2553 sunt..

250 2615 348 2695 Nasu
363 2617 404 2689 in
420 2614 555 2713 quibus
567 2616 782 2711 regionibus
793 2619 980 2712 integrum
993 2615 1235 2711 libenunque

249 2757 384 2851 mique
409 2766 486 2844 est,
511 2753 560 2827 de
584 2754 670 2829 Deo
695 2753 880 2854 rebusque
905 2754 1046 2830 divinis
1070 2776 1144 2854 pro
1171 2774 1236 2825 ar·

250 2893 364 2966 bitrio
390 2889 571 2984 statuere,
598 2891 747 2969 difficile
774 2908 833 2968 est
856 2894 1063 2983 bominum,
1090 2890 1234 2989 quibus

249 3030 338 3105 illae
362 3033 531 3128 regiones
557 3046 722 3124 scatent,
746 3032 904 3107 insidias
930 3032 1107 3127 effugere,
1143 3031 1233 3103 illo-

212 3239 215 3246 ,
249 3191 347 3258 rum,
383 3172 446 3268 qui
472 3173 681 3271 simplicem
706 3171 968 3269 credulamque
992 3174 1232 3245 iuventutem

250 3308 454 3383 licentiosis
480 3323 518 3383 et
542 3313 731 3408 protervis
751 3310 986 3385 sermonibus
1007 3307 1230 3404 aggrediun-

249 3457 320 3520 tur.
385 3446 525 3521 Mirum
565 3451 692 3547 itaque
722 3453 864 3524 nemini
902 3448 1015 3522 debet
1047 3448 1229 3533 accidere,

248 3606 311 3659 mc
335 3606 360 3658 a
384 3588 650 3684 superstitione
665 3588 831 3663 Halense
856 3587 905 3661 ad
930 3589 1125 3664 lenitatem
1145 3584 1229 3659 Bel·

247 3724 366 3817 gicam
391 3722 594 3819 decidisse,
623 3740 661 3801 et
686 3731 725 3803 in
752 3730 900 3829 scriptis
925 3729 1020 3803 meis
1045 3700 1243 3826 sparsisse
