2550 4590
291 242 347 271 Ἰ
438 304 447 351 ι
537 274 867 397 1,·-1270-

267 616 270 621 ¹
522 440 918 585 monxornitm
1048 501 1053 509 ’

293 696 567 787 TIBERll
611 698 1152 789 HEMSTERHUSH
1210 786 1214 793 .

615 906 823 929 m
837 924 841 933 .
913 928 916 932 ,

232 1062 261 1125 1.
283 1052 359 1121 lniii
378 1049 524 1121 Pollucis
553 1052 808 1122 Onomastionm.
872 1052 997 1145 Greeoe
1019 1046 1052 1122 et
1076 1056 1208 1126 Latine.

270 1157 352 1224 Post
370 1156 538 1245 egregiam
562 1156 653 1220 illem
672 1154 867 1245 wolfgangi
888 1155 1004 1222 Seberi
1028 1158 1079 1225 ed'
1099 1161 1211 1223 denno

271 1261 486 1336 emendatum,
498 1256 692 1345 suppletum,
709 1273 744 1323 et
762 1258 975 1328 illustratum.
994 1260 1129 1325 Praeter
1147 1256 1207 1329 W.

269 1358 390 1428 Seberi
414 1372 508 1423 notes
535 1359 643 1426 eeced.
666 1374 872 1429 commentar.
902 1359 1049 1429 Gothofr.
1068 1360 1209 1449 longer

262 1466 390 1542 menni,
414 1448 523 1530 loeeh.
544 1456 726 1529 Knehnii.
749 1460 869 1528 Omnia
888 1462 1093 1529 oonndorunt
1110 1486 1150 1529 ee
1170 1466 1206 1529 in
1261 1518 1269 1535 .

129 1612 134 1629 .
247 1565 415 1633 ordinem
426 1564 633 1651 redegerunt,
652 1566 761 1629 verine
780 1564 867 1632 ieott.
886 1578 921 1630 et
939 1584 1020 1631 suos
1027 1580 1134 1632 notes
1147 1566 1209 1632 nd-
1261 1579 1268 1590 ·

267 1671 432 1746 iecerunt,
459 1666 697 1753 editionumque
720 1681 912 1731 curaverunt
929 1664 1000 1737 loh.
1016 1665 1120 1733 Henr.
1135 1668 1208 1733 Le-

266 1768 411 1835 deriinns
431 1781 465 1832 et
482 1781 558 1854 post
577 1789 651 1833 eum
669 1764 744 1835 Tib.
766 1765 1003 1835 Hemsterhuis.
1047 1767 1163 1833 Cum
1154 1792 1206 1833 m·

265 1860 422 1936 dieibus
419 1871 521 1934 novis
552 1869 674 1956 iisque
690 1866 965 1956 locupletissimis.
1017 1850 1205 1935 Amsteia'e·

265 1975 353 2039 dnmi
374 1974 467 2040 1706.
496 1968 623 2039 tvoli
652 1970 724 2040 Foi

221 2082 252 2145 2.
274 2077 414 2141 Loeioni
426 2071 598 2159 Colloquie
611 2072 734 2139 selecta
747 2088 780 2138 et
793 2070 922 2140 Timon.
931 2069 1065 2138 Cebetis
1076 2072 1201 2144 tabule.

262 2178 433 2245 Menandri
455 2178 634 2239 sententiae
654 2172 804 2242 morales.
825 2175 939 2243 Grneo.
956 2191 989 2240 et
1007 2174 1080 2243 Lat.
1096 2178 1201 2243 Luci·

260 2302 360 2347 ιιιιιιιιι
379 2279 464 2342 notis
483 2274 657 2343 illustravit
672 2272 748 2345 Tib.
762 2276 1037 2345 Hemsterhusius.
1056 2280 1199 2352 Amstei.

262 2385 356 2447 1708.
379 2382 429 2444 12.
457 2375 536 2443 nm.
559 2381 723 2445 173212.
746 2379 851 2465 nugs.
871 2375 942 2444 nat.
967 2384 1131 2449 1777.12.

137 2500 142 2509 ’
218 2488 248 2550 3.
270 2478 378 2546 Notae
411 2491 445 2542 et
472 2477 714 2543 emendationes
743 2478 784 2543 ed
809 2475 1061 2564 Xenophontem
1086 2479 1198 2566 Ephe·

258 2586 360 2657 sirum
388 2584 422 2644 in
442 2578 536 2648 Misc.
558 2578 655 2647 Obss.
678 2583 712 2644 in
733 2597 814 2648 auct.
836 2595 910 2648 vett.
940 2597 972 2646 et
994 2586 1198 2649 recentiores

258 2678 477 2750 v01.111.1v.
497 2680 538 2746 V.
551 2680 607 2746 ii.
629 2679 765 2747 Amstei.
790 2686 1022 2748 1733-*1736
1047 2681 1197 2767 (Heben-

258 2805 311 2853 tur
331 2789 430 2853 otiam
447 2788 481 2849 in
498 2786 566 2852 edd
588 2784 744 2849 Locellae
765 2807 804 2850 oo
822 2784 1034 2871 Peerleamp.)

213 2891 244 2958 4.
266 2889 456 2954 Emendatio
483 2885 529 2955 Io.
562 2885 700 2952 Meorsii
727 2890 760 2950 in
784 2889 929 2950 oratione
956 2887 1078 2971 Lysiae
1108 2888 1195 2963 med

255 2990 472 3076 Παγκλέωνος,
494 2988 541 3053 ὅτι
563 2980 868 3072 οὖκῇνΠλαταιῃῦς
890 2991 1011 3053 reiecta
1024 3002 1058 3052 et
1078 2992 1194 3057 conin-

254 3107 340 3170 tete3
375 3095 411 3156 in
435 3089 576 3157 Miscell.
605 3086 789 3155 Observare
817 3088 892 3156 vol.
913 3088 985 3157 VII.
1012 3084 1108 3160 Tom.
1128 3086 1191 3163 ill.

253 3217 327 3282 pag.
347 3196 471 3260 317-
482 3196 556 3260 328.
580 3191 673 3279 (vid
695 3190 852 3260 Valcken.
877 3192 918 3256 od
943 3191 1102 3264 Herodot
1126 3193 1189 3279 lv,

254 3298 326 3364 145.
351 3295 449 3380 extr)

209 3420 240 3483 5.
262 3413 427 3480 Adnotatt.
458 3412 498 3476 nd
525 3412 573 3481 Io.
593 3410 911 3496 Chrysostomnm3
901 3434 936 3478 m
956 3410 1109 3500 Rephelii
1129 3416 1191 3482 ed·

252 3529 363 3582 notett.
387 3516 429 3579 ed
452 3512 492 3581 N.
516 3511 556 3584 T.
586 3511 681 3581 Tom.
695 3512 735 3581 ll
756 3528 839 3581 extr.
859 3537 932 3602 pag.
952 3518 1004 3584 77.
1027 3536 1095 3604 sqq.

208 3618 239 3685 6.
261 3618 400 3681 Loeinni
426 3615 553 3682 Samos.
582 3636 691 3701 opero.
741 3610 824 3680 Cum
850 3636 935 3680 nova
961 3635 1047 3685 vers.
1067 3614 1183 3688 Tiber.

250 3714 488 3787 Hemsterhosii
509 3730 542 3781 et
561 3715 607 3786 10.
627 3714 741 3785 Motth.
763 3716 912 3797 Gesneri,
929 3715 1065 3787 Graecis
1085 3718 1186 3789 seiro-
