2550 4590
604 281 956 368 -123-1

304 453 419 537 begin
438 443 570 523 scholia.
613 446 840 535 Campaniae.
858 447 938 516 tn.
949 449 1090 517 Emoeti.
1131 447 1229 536 Lina.

264 552 600 736 146178361110158
554 648 603 714 rei
620 650 880 717 mationeLatini
892 671 938 715 ex
949 649 1025 715 edit.
1045 582 1092 716 lo.
1104 646 1227 715 Mattb.

305 753 452 833 (leonori.
493 749 640 819 Editll.
667 748 995 836 annominabit.
1011 751 1122 817 Fan..
1143 749 1230 817 1516.

306 855 402 921 1774.
418 858 450 920 4.

263 958 338 1024 147.
364 958 417 1023 Ρι.
433 956 475 1021 do
489 969 576 1023 meto
598 969 794 1042 specttorum
815 978 873 1044 per
895 956 1072 1075 Lntberum
1087 892 1230 1023 mblato.

304 1059 382 1125 ibid.
401 1058 495 1126 1774.
510 1059 543 1122 4.

264 1165 338 1230 148.
359 1164 412 1229 Ρι.
427 1160 523 1233 Dom.
540 1158 696 1247 Magnani
716 1165 876 1229 tentantia
893 1159 933 1227 de
950 1184 1035 1228 anno
1050 1161 1232 1230 5560511-

305 1267 348 1332 oti
369 1264 580 1329 examinatur.
623 1261 702 1327 ibid.
723 1264 817 1329 1774.
837 1265 869 1328 4.
944 1307 949 1316 ,

180 1442 183 1446 .
263 1364 339 1455 149.
369 1356 423 1431 Pr.
446 1363 487 1428 do
510 1363 730 1429 satisfactione
753 1361 890 1444 Cbriati,
924 1363 971 1443 ad
993 1362 1020 1431 l.
1045 1361 1120 1431 Cor.
1144 1360 1230 1451 XV.

304 1467 381 1535 ibid.
401 1468 495 1534 1775.
516 1466 549 1530 4.
679 1548 682 1555 ,
797 1467 801 1473 “

262 1575 336 1639 150.
357 1572 410 1637 Ρι.
427 1570 468 1636 do
486 1571 636 1635 trinitate.
678 1569 756 1635 ibid
777 1570 870 1637 1775.
886 1570 918 1635 4.
1217 1610 1222 1621 -

262 1674 337 1738 151.
357 1672 437 1737 Ρι.·
428 1693 535 1757 inaug.
526 1670 593 1734 .de
611 1670 793 1736 dootoribuo
813 1685 965 1737 veteram.
985 1670 1064 1738 ibid.
1078 1672 1174 1738 1775.
1190 1671 1229 1738 4.

263 1777 336 1843 152.
364 1776 429 1841 Ρι.
441 1775 482 1840 de
504 1772 724 1851 emendatione
750 1773 930 1842 nebularum
954 1798 1012 1862 per
1036 1774 1229 1851 Lntberum.

271 1874 382 1941 ibid.
403 1875 497 1941 1776.
515 1874 548 1937 4.

262 1977 337 2044 153.
357 1970 445 2043 Ρι.
435 1997 543 2063 maog.
569 1973 609 2040 de
626 1973 783 2041 Paaobnto
808 1974 1062 2042 Christianorum
1080 1996 1152 2041 oum
1155 1956 1228 2041 ¹ln·

305 2078 397 2144 daioo
415 2089 631 2142 eononrrente.
672 2075 751 2141 ibid.
768 2080 863 2142 1776.
881 2077 913 2140 4.
1252 2088 1256 2097 “

263 2179 335 2246 154.
363 2178 415 2242 Pr.
433 2175 474 2239 de
491 2173 655 2240 vocabulis
673 2170 837 2255 κατάλυμα
860 2188 894 2240 ot
911 2171 990 2259 αυλῆ
1007 2176 1050 2242 nd
1078 2178 1159 2244 Luc.
1179 2179 1248 2264 11,··

195 2298 234 2369 {a
302 2280 335 2347 7.
378 2273 455 2341 ibid
476 2275 569 2340 1776.
591 2275 624 2336 4.

262 2381 335 2444 155.
357 2377 409 2442 Ρι.
429 2374 472 2440 ad
491 2373 573 2440 Phil.
593 2373 635 2454 ll,
654 2374 771 2444 6—11.
813 2373 891 2441 ibid.
912 2314 1006 2442 1777.
1025 2376 1059 2442 4.

259 2484 337 2549 456.
356 2481 410 2547 Ρι.
430 2478 471 2544 de
488 2479 669 2544 testimonio
690 2477 826 2563 Spiritus
845 2479 972 2558 Sancti,
993 2480 1078 2570 qnod
1096 2503 1161 2548 non
1178 2486 1224 2551 ait

303 2587 338 2649 in
354 2578 477 2659 vorbis,
499 2577 587 2645 aad·
578 2600 610 2643 m
628 2576 734 2644 reboo.
776 2577 854 2646 ibid.
873 2583 969 2646 1777.
985 2580 1019 2645 4.

238 2683 245 2692 '
261 2689 335 2753 157.
355 2681 452 2750 Mem.
472 2679 537 2744 Ino.
556 2678 656 2744 Hem.
674 2677 796 2745 Bornii.
837 2677 916 2746 ibid.
935 2682 1118 2749 1777151.

262 2791 337 2855 158.
358 2783 589 2852 commentatio
607 2781 648 2847 de
663 2780 768 2849 vexil-

303 2889 404 2957 lariis·
510 2965 513 2971 ,

263 2992 336 3058 159.
358 2989 410 3054 De
421 2987 555 3056 navibus
567 2982 732 3074 διπρώροις
744 3001 776 3053 et

302 3087 491 3179 διπρῦμνοις.

843 2854 878 2920 in
899 2851 1076 2920 Commeat.
1100 2855 1220 2923 Societ.

901 2954 1012 3022 Doctr.
1035 2957 1179 3046 Gotting.

901 3057 994 3127 'lona
1014 3057 1041 3124 l.

616 3254 859 3268 m

303 3345 439 3414 Mortuo
458 3343 612 3412 maesta
633 3347 698 3411 olii
712 3345 885 3428 ediderunt
899 3341 956 3410 lot
975 3350 1045 3412 etat
1061 3344 1180 3413 librat:

263 3502 337 3568 160.
360 3499 485 3567 Thesea
502 3498 682 3586 theologiae
702 3498 911 3584 dogmaticae.
950 3497 1040 3583 Lips.
1053 3500 1148 3563 1783.
1168 3502 1201 3564 8.

263 3604 337 3670 161.
359 3601 512 3668 Anmerk.
543 3600 641 3668 neber
671 3600 723 3667 die
747 3598 891 3666 Bneobor
919 3599 976 3665 dea
1002 3622 1105 3666 neuen
1130 3599 1222 3666 'l'est

182 3708 186 3719 '
307 3701 527 3794 Quodlinbntg
540 3707 635 3775 1786.
645 3704 759 3790 8.(111
768 3703 846 3771 Em.
864 3701 941 3783 bibl.
952 3702 1051 3773 theol
1063 3707 1222 3813 excerpt.)
