2550 4590
485 302 537 317 -·
587 262 666 337 sto
715 292 767 317 -·-

1 518 5 525 ,
142 426 228 508 cum
247 430 325 505 ism
354 430 577 507 absolvisset
602 433 685 532 ipso
716 450 825 505 susm
859 428 1122 527 scriptionem·⁹

0 540 15 562 '⁵
143 570 289 647 evolvit
309 569 504 645 volumine
519 570 602 660 ille,
616 591 711 667 quoe
737 566 875 642 Crs'ts'cs'
892 565 1004 640 sacr-⁸¹
1014 563 1123 660 Ang-

15 728 19 735 ·
143 702 267 778 lbani
297 717 536 803 usurpantur.
585 704 681 780 Fors
717 703 869 777 lurtum
895 701 992 790 suit,
1021 720 1123 797 quse

7 832 15 854 '
144 837 373 914 editionibus
395 840 666 941 posterioribus
686 839 811 913 locum
832 840 874 911 in
893 836 1124 911 bibliothece

34 1054 40 1073 ‚
146 971 359 1050 academico
400 998 479 1050 non
512 973 678 1048 dederet
743 971 913 1069 Namque
963 971 1123 1044 ultimus

148 1122 273 1183 tomus
316 1112 682 1210 supplementorum,
730 1131 825 1207 quoe
869 1104 1157 1199 Londincnsis¹

148 1244 265 1319 editio
294 1268 371 1321 non
397 1248 528 1340 habet,
561 1247 828 1321 Gosncrianam
853 1243 963 1319 nobis
987 1243 1124 1319 dimer-

149 1383 330 1457 tstionem
373 1395 454 1456 erat
499 1384 789 1477 interceptum,
831 1381 920 1476 quin
960 1378 1124 1454 custodit

148 1516 387 1594 Huetinnsm.
447 1508 687 1615 Strongular'c
720 1528 846 1592 sutem
880 1539 989 1591 suam
1019 1516 1124 1593 volo*

46 1732 49 1736 ,
150 1651 216 1727 bst
244 1654 452 1747 Gesnmns,
483 1655 550 1729 ubi
576 1656 740 1752 primum
764 1651 888 1727 editoe
909 1651 1124 1729 Huctinncc

152 1792 341 1888 catalogos
361 1795 542 1867 librorum
564 1794 698 1890 uliquis
719 1803 784 1866 aut
806 1779 913 1865 ¹testis
940 1790 1041 1865 alius
1071 1792 1126 1865 is·

155 1940 281 2002 ctnrus
294 1926 427 2003 luisset
448 1927 640 2003 mdicium.
673 1923 815 2016 Quibus
834 1923 982 2020 gaudiis
997 1927 1122 2001 exsul·

121 2026 257 2155 mvi,
292 2087 377 2139 cum
411 2065 538 2139 liceret
571 2061 647 2137 duo
672 2062 765 2135 haec
801 2083 916 2160 opem
946 2061 1126 2137 Phidiaca

158 2197 396 2286 contendero,
433 2220 457 2271 a
487 2198 581 2272 viris
617 2195 786 2295 profecto
813 2197 1023 2288 maxumis3
1065 2198 1127 2295 qui

154 2328 372 2441 littorarmn¹
392 2342 610 2403 ommncnts
629 2342 739 2403 erunt
764 2343 934 2421 aeterum
969 2353 1126 2427 quorum

156 2477 311 2564 uterquc
332 2470 411 2541 suis
432 2467 550 2541 fretus
571 2468 690 2565 copiis
710 2489 792 2541 rcm
813 2488 882 2540 suo
905 2467 1032 2541 Marte
1055 2469 1128 2563 opt

154 2603 293 2678 nullius
324 2604 568 2678 adminiculis
622 2603 827 2679 Gesnerum
848 2606 948 2678 enim
970 2604 1128 2680 Huetia·

157 2758 248 2812 num
294 2741 473 2838 scriptum
518 2740 635 2813 oculis
680 2763 870 2837 nunquam
914 2763 1127 2841 usurpasse,

158 2883 235 2944 tam
263 2877 362 2965 scio,
396 2886 516 2973 ‘quam
544 2897 639 2972 quac
670 2875 842 2951 manibus
872 2874 917 2971 †)
947 2890 1126 2951 tenemus.

157 3005 315 3080 Interfui
337 3010 455 3097 enim,
488 3020 531 3082 ut
553 3012 608 3083 its
631 3007 771 3098 dicem,
809 3013 1046 3103 generationi
1066 3012 1127 3085 lm·

156 3162 241 3216 rum
260 3145 569 3242 praelectionum
595 3157 633 3218 ct
655 3167 824 3243 possem,
848 3148 882 3219 si
908 3147 966 3219 ita
986 3171 1051 3223 res
1071 3170 1127 3223 co·

158 3294 278 3374 geret,
316 3285 431 3378 signis
450 3284 566 3355 nixus
588 3283 802 3357 certissimis
824 3285 954 3357 testari
974 3284 1128 3359 eviden-

159 3420 312 3492 tissime.
380 3418 455 3494 Sed
492 3431 534 3492 tu
569 3417 663 3493 mihi
698 3421 817 3491 otium
854 3418 914 3491 hic
947 3436 1129 3518 praestes,

159 3556 363 3627 amicornm
392 3553 676 3629 iucundissime:
708 3576 794 3629 nom
829 3552 931 3653 apud
969 3570 1008 3631 te
1040 3559 1129 3633 milri

202 3672 332 3805 cor-
353 3718 406 3784 04·
