2550 4590
523 274 874 348 '-1ea-.-

203 503 208 511 .
246 445 414 518 datione.
430 443 675 535 delectatum,
695 440 915 517 ‘memorare
941 447 1114 535 memini,
1147 464 1232 519 ma·-

244 586 399 657 Jrsimam
424 584 544 655 noctis
571 594 719 680 partem
744 581 903 699 Homeri
930 596 968 654 et
987 570 1150 656 Hesiodi
1174 585 1233 657 le-

251 722 367 795 ctioni
393 743 433 792 se
453 719 695 817 impendisse,
721 731 938 816 tantamque
955 719 1043 793 iude
1064 721 1234 793 Graecae

251 826 640 951 linguaesacultatem
666 854 857 953 adeptum,
884 868 926 927 ut
950 858 1031 928 sine
1055 857 1236 931 molestia

171 1016 176 1023 ·
209 1050 212 1057 ,
252 1014 395 1081 versus,
416 989 465 1064 ad
483 993 643 1063 istorum
662 992 875 1089 principum
890 994 1087 1089 poetarum
1100 1013 1234 1077 exem-

251 1130 346 1226 plar,
373 1126 555 1200 funderet.
607 1126 707 1199 Hiue
740 1149 888 1225 quoque
921 1126 1233 1203 consuetudinem

250 1267 356 1338 illam
381 1261 613 1353 lucubrandi‚
639 1286 750 1362 quam
765 1267 1073 1339 ‘constantissime
1099 1264 1149 1338 ad
1171 1235 1232 1339 fa

243 1402 367 1475 -talem
398 1423 516 1497 usque
540 1401 672 1473 boram
696 1383 883 1491 secrevit,
920 1401 992 1474 sihi
1018 1399 1232 1493 natam-di·

252 1539 374 1629 cebat3
410 1539 465 1609 ita
490 1510 534 1611 ut
557 1559 581 1609 a
608 1537 814 1630 Gymnasio
841 1538 1045 1628 demissus,
1071 1536 1119 1611 ab
1144 1538 1232 1613 elus

244 1673 488 1751 moderatore
513 1673 584 1745 boe
606 1673 795 1768 singulare
821 1672 1035 1769 diligentiae
1056 1674 1230 1749 testimo·

243 1809 357 1883 -uium
384 1808 521 1894 tulerit,
546 1807 666 1896 illum,
691 1829 770 1881 nou
779 1807 909 1901 ¹modo
936 1807 1060 1881 diurni
1083 1807 1229 1881 laboris

244 1945 500 2044 descriptione
526 1943 683 2019 feliciter
708 1959 747 2023 et
771 1948 942 2042 gnaviter
953 1944 1133 2034 sunctum,
1157 1942 1230 2019 aed

112 2086 123 2096 '
188 2172 192 2179 1
248 2081 550 2155 lucubrationum
573 2060 688 2153 etiam
714 2082 840 2155 bunos
866 2082 1012 2155 bibisse.
1072 2080 1228 2157 Graecis
1246 2064 1267 2105 ᾖ

244 2220 362 2313 igitur
387 2231 425 2289 et
450 2217 595 2290 Latinis
617 2218 747 2291 literis
776 2218 961 2306 imbutus,
985 2190 1043 2288 ⁸in
1069 2219 1228 2314 optimis

248 2352 406 2446 ingeniis
423 2351 724 2424 florentissimam
734 2350 967 2448 Lipsiensem
980 2320 1229 2425 Academiam

249 2486 451 2581 migrabat,
491 2484 557 2559 ubi
591 2484 684 2558 duce
716 2484 869 2559 Andrea
899 2485 1057 2574 Riviuo‚
1096 2487 1227 2582 magni

246 2636 337 2696 tune
368 2624 530 2695 nominis
564 2623 775 2712 literatore,
819 2635 857 2696 et
897 2626 1001 2696 cuius
1032 2622 1226 2697 doctrinae

190 2815 195 2829 .
249 2761 394 2855 egregia
419 2756 541 2831 adbuc
559 2771 759 2856 supersunt
779 2770 1031 2849 monumenta,
1057 2755 1107 2830 ad
1125 2759 1225 2831 inte·

247 2898 350 2969 riora
382 2896 572 2971 literarum
605 2917 712 2968 saera
744 2894 1020 2967 admittebatur.
1084 2889 1226 2967 Uteba-
1269 2916 1271 2921 ·

247 3045 308 3105 tur
341 3034 455 3104 otiam
487 3031 777 3105 familiarissime
816 3029 1120 3129 splendidissimo
1151 3030 1223 3103 illo

240 3166 470 3239 Germaniae
495 3165 653 3254 lumine,
692 3162 839 3238 Thorna
862 3165 1054 3253 Reinesio‚
1089 3165 1156 3260 qui
1179 3164 1222 3237 in

244 3272 385 3373 vicino*
407 3297 559 3394 Lipsiae
595 3297 738 3395 oppido
771 3295 1001 3392 Alteuburgo
1044 3298 1086 3369 in
1106 3316 1221 3371 sum·
1261 3270 1266 3281 ⁵

244 3457 307 3508 ma
334 3435 548 3530 dignatione
575 3437 727 3525 vivens,
764 3438 960 3526 iuvenem,
997 3437 1145 3533 quoties
1169 3432 1221 3509 ad
1268 3478 1271 3483 -

111 3566 114 3571 ’
242 3572 350 3647 illum
375 3573 580 3665 invisebat,
606 3572 657 3647 ad
681 3574 759 3647 alta
783 3587 1013 3671 surgentem,
1039 3575 1221 3669 singulari

244 3731 331 3782 cura
364 3722 402 3783 et
438 3732 566 3783 amore
598 3709 763 3787 fovebat
822 3711 899 3787 Sed
937 3735 1030 3825 prae
1062 3713 1219 3811 reliquis
