2550 4590
608 246 862 333 -rsz

254 437 320 522 tis,
355 454 449 530 quae
472 452 559 506 eum
581 428 793 504 academiae
808 441 996 505 maturmn
1012 429 1229 505 redderent.

150 618 155 627 ·
253 565 371 665 Igitur
392 590 490 641 anne
519 569 630 641 tertie
659 589 704 640 ac
732 569 919 641 tricesimu
942 566 1113 665 Lipsiam
1141 591 1231 667 prc-

256 710 393 796 iectus,
415 730 499 781 cmn
520 717 661 787 certam
685 705 884 779 literarum
907 705 1011 779 viam
1033 727 1155 802 neque
1174 706 1231 778 iu-
1255 806 1261 813 Ι

257 867 402 941 gressus
435 855 533 917 esset
564 855 693 931 antea,
719 864 841 939 neque
860 840 1006 936 ingredi
1026 843 1159 930 sciret,
1181 840 1231 914 sb

97 1008 109 1077 j
228 979 334 1052 -alic
364 976 412 1051 ad
449 973 553 1050 aliud
582 975 747 1064 delatus,
778 972 930 1048 tandem
960 974 1130 1048 inlibris
1151 997 1230 1048 ma·

257 1116 458 1207 gistratum
484 1107 720 1183 iudaiccrmu
748 1121 787 1181 et
807 1108 925 1181 literis
955 1107 1113 1182 arabicis
1143 1108 1232 1180 hae-

248 1252 326 1338 sit,
347 1248 555 1354 incuriosus
571 1245 605 1349 ὲ)
629 1244 676 1355 de
697 1244 872 1342 relique„
886 1267 1000 1342 quare
1016 1267 1080 1317 ees
1104 1257 1142 1317 et
1158 1267 1233 1342 quc

259 1383 375 1459 mode
401 1363 577 1456 disserat:
598 1383 695 1469 ¹satis
719 1392 817 1472 erat,
841 1403 886 1454 en
917 1384 1042 1478 sequi,
1064 1403 1137 1479 que
1168 1405 1234 1455 nen
1267 1353 1270 1357 ¹

260 1523 338 1594 scie
360 1520 442 1615 quis
463 1521 627 1619 impetus
649 1519 767 1592 animi
790 1516 1032 1593 turmarum
1060 1506 1268 1590 absentie·

211 1735 217 1767 Ι
261 1666 335 1727 sets
365 1674 589 1749 quamquam
625 1673 743 1725 senex
775 1651 966 1727 confessus
981 1662 1073 1738 -est,
1106 1649 1235 1722 adnle-

262 1791 441 1865 seentiam·
461 1810 570 1865 suam
590 1791 632 1862 in
654 1790 723 1861 hac
736 1788 889 1886 quidem
911 1813 953 1862 re
977 1788 1138 1862 stirnulis
1156 1788 1236 1882 51ss

218 1995 221 1999 ,
260 1928 339 2003 riae
370 1948 414 1999 ac
450 1925 574 2001 saurae
613 1927 853 2026 potissimum
885 1927 1114 1998 sancitatem.
1142 1945 1237 1996 esset
1264 1914 1268 1921 ’

260 2060 369 2137 Unde
397 2063 511 2134 etiam
542 2075 684 2132 curtam
711 2049 982 2156 supellectilem
1012 2061 1168 2133 arabicis
1189 2067 1237 2133 et

261 2182 461 2276 rabbinicis
489 2196 596 2270 libris
621 2195 837 2269 coemendis
861 2197 1067 2296 impendit,
1087 2222 1156 2272 nec
1177 2199 1237 2273 ul·

262 2339 342 2411 lum
369 2335 473 2409 aliud
495 2336 597 2410 vitae
626 2334 891 2408 sustentandae
910 2336 1141 2434 praesidium
1168 2336 1237 2412 a'ut

263 2474 433 2567 oblatum
460 2474 621 2572 accepit,
642 2485 708 2545 aut
726 2484 862 2570 sponte
875 2476 1091 2570 urraesivit,
1118 2473 1261 2567 modo!

264 2613 366 2701 sitim
381 2611 492 2683 istam
514 2610 704 2709 eupleret,
734 2631 778 2680 ac
799 2620 899 2681 cutm
919 2612 962 2681 in
982 2608 1167 2684 adamatis
1189 2612 1238 2684 ti-

238 2742 247 2751 '
265 2747 354 2817 teris
369 2758 476 2817 esset.
502 2743 580 2817 Nec
602 2743 910 2841 reprehendimus
927 2742 1028 2818 hunc
1048 2744 1237 2836 ardorem,

258 2878 346 2957 ‘sine
366 2907 439 2979 quo
461 2883 760 2976 nihilegregium
787 2884 968 2956 exsistere
992 2897 1134 2980 potest3
1162 2887 1237 2961 mi·

265 3041 392 3091 ramur
414 3031 557 3106 tamen,
579 3017 719 3090 multos
746 3020 787 3089 in
806 3018 933 3114 alique
955 3042 1087 3113 genere
1109 3021 1238 3093 excel»

264 3153 385 3225 lentes
407 3155 508 3228 virus
530 3150 580 3231 ab
602 3153 711 3227 initio
733 3151 811 3226 sere
832 3155 913 3225 sine
937 3152 1047 3243 duce,
1069 3157 1151 3226 sine
1172 3178 1237 3227 cr·

265 3291 374 3381 dine,
394 3290 650 3365 sine‘ccnsilie
670 3304 709 3365 et
722 3289 863 3365 dilectu
883 3305 1051 3367 versutos
1075 3315 1175 3383 esse,
1196 3307 1238 3369 et

177 3434 184 3457 ⁸
267 3429 447 3524 temperis
469 3428 869 3523 virimnquemagnam
892 3430 1072 3503 iacturam
1089 3429 1237 3518 swa,

310 3727 350 3830 *i
363 3730 447 3805 Apud
467 3728 583 3789 Murum
603 3728 744 3808 seriptum
766 3744 830 3791 erat
850 3730 1002 3791 moerim
1131 3728 1192 3789 m.
