<?xml version="1.0" encoding="UTF-8"?>
<!DOCTYPE html PUBLIC "-//W3C//DTD XHTML 1.0 Transitional//EN"
    "http://www.w3.org/TR/xhtml1/DTD/xhtml1-transitional.dtd">
<html xmlns="http://www.w3.org/1999/xhtml" xml:lang="en" lang="en">
 <head>
  <title>
</title>
<meta http-equiv="Content-Type" content="text/html;charset=utf-8" />
  <meta name='ocr-system' content='tesseract 3.04.00' />
  <meta name='ocr-capabilities' content='ocr_page ocr_carea ocr_par ocr_line ocrx_word'/>
</head>
<body>
  <div class='ocr_page' id='page_1' title='image "./eloquentiumviro00frotgoog_0054.png"; bbox 0 0 2550 4590; ppageno 0'>
   <div class='ocr_carea' id='block_1_1' title="bbox 421 280 679 354">
    <p class='ocr_par' dir='ltr' id='par_1_1' title="bbox 421 280 679 354">
     <span class='ocr_line' id='line_1_1' title="bbox 421 280 679 354; baseline 0 -19"><span class='ocrx_word' id='word_1_1' title='bbox 421 280 576 354; x_wconf 69' lang='lat'><em>...35</em></span> <span class='ocrx_word' id='word_1_2' title='bbox 627 320 679 335; x_wconf 81' lang='grc'>.-</span> 
     </span>
    </p>
   </div>
   <div class='ocr_carea' id='block_1_2' title="bbox 55 412 1036 687">
    <p class='ocr_par' dir='ltr' id='par_1_2' title="bbox 55 412 1159 687">
     <span class='ocr_line' id='line_1_2' title="bbox 55 412 1036 567; baseline -0.007 -41"><span class='ocrx_word' id='word_1_3' title='bbox 55 474 149 525; x_wconf 80' lang='lat' dir='ltr'>anno</span> <span class='ocrx_word' id='word_1_4' title='bbox 182 451 298 525; x_wconf 83' lang='lat' dir='ltr'>huius</span> <span class='ocrx_word' id='word_1_5' title='bbox 336 448 452 524; x_wconf 87' lang='lat' dir='ltr'>seculi</span> <span class='ocrx_word' id='word_1_6' title='bbox 491 447 619 524; x_wconf 86' lang='lat' dir='ltr'>sexto</span> <span class='ocrx_word' id='word_1_7' title='bbox 638 461 749 550; x_wconf 86' lang='lat' dir='ltr'>atque</span> <span class='ocrx_word' id='word_1_8' title='bbox 778 449 944 567; x_wconf 68' lang='lat' dir='ltr'>deamo,</span> <span class='ocrx_word' id='word_1_9' title='bbox 962 412 1036 528; x_wconf 74' lang='lat' dir='ltr'>¹die</span> 
     </span>
     <span class='ocr_line' id='line_1_3' title="bbox 57 585 1035 687; baseline -0.002 -22"><span class='ocrx_word' id='word_1_10' title='bbox 57 590 185 687; x_wconf 66' lang='lat' dir='ltr'>printo</span> <span class='ocrx_word' id='word_1_11' title='bbox 205 597 249 660; x_wconf 85' lang='lat' dir='ltr'>et</span> <span class='ocrx_word' id='word_1_12' title='bbox 266 589 446 664; x_wconf 86' lang='lat' dir='ltr'>vicesimo</span> <span class='ocrx_word' id='word_1_13' title='bbox 463 585 682 661; x_wconf 77' lang='lat' dir='ltr'><strong>Decembris</strong></span> <span class='ocrx_word' id='word_1_14' title='bbox 697 597 827 677; x_wconf 90' lang='lat' dir='ltr'>natus,</span> <span class='ocrx_word' id='word_1_15' title='bbox 851 610 874 661; x_wconf 87' lang='lat' dir='ltr'>e</span> <span class='ocrx_word' id='word_1_16' title='bbox 896 590 1035 663; x_wconf 82' lang='lat' dir='ltr'><strong>Ioanne</strong></span> 
     </span>
    </p>
   </div>
   <div class='ocr_carea' id='block_1_3' title="bbox 60 693 1224 812">
    <p class='ocr_par' dir='ltr' id='par_1_3' title="bbox 60 693 1224 812">
     <span class='ocr_line' id='line_1_4' title="bbox 60 693 1224 812; baseline -0.002 -12"><span class='ocrx_word' id='word_1_17' title='bbox 60 724 296 812; x_wconf 77' lang='lat' dir='ltr'>Baithasaro,</span> <span class='ocrx_word' id='word_1_18' title='bbox 311 725 490 812; x_wconf 83' lang='lat' dir='ltr'>coriario,</span> <span class='ocrx_word' id='word_1_19' title='bbox 505 735 545 796; x_wconf 91' lang='lat' dir='ltr'>et</span> <span class='ocrx_word' id='word_1_20' title='bbox 565 723 705 796; x_wconf 86' lang='lat' dir='ltr'>loanna</span> <span class='ocrx_word' id='word_1_21' title='bbox 722 719 910 797; x_wconf 87' lang='lat' dir='ltr'>Ciuistina</span> <span class='ocrx_word' id='word_1_22' title='bbox 923 725 1034 800; x_wconf 86' lang='lat' dir='ltr'>Klos-</span> <span class='ocrx_word' id='word_1_23' title='bbox 1051 730 1056 751; x_wconf 87' lang='lat'><em>&#39;</em></span> <span class='ocrx_word' id='word_1_24' title='bbox 1129 693 1139 703; x_wconf 44' lang='grc'><em>’</em></span> <span class='ocrx_word' id='word_1_25' title='bbox 1217 732 1224 739; x_wconf 91' lang='grc'><strong><em>’</em></strong></span> 
     </span>
    </p>
   </div>
   <div class='ocr_carea' id='block_1_4' title="bbox 61 855 1071 1090">
    <p class='ocr_par' dir='ltr' id='par_1_4' title="bbox 61 855 1071 1090">
     <span class='ocr_line' id='line_1_5' title="bbox 63 855 1071 956; baseline 0.005 -26"><span class='ocrx_word' id='word_1_26' title='bbox 63 860 130 931; x_wconf 76' lang='lat' dir='ltr'>o‘a:</span> <span class='ocrx_word' id='word_1_27' title='bbox 150 879 179 930; x_wconf 91' lang='lat' dir='ltr'>a</span> <span class='ocrx_word' id='word_1_28' title='bbox 199 856 337 955; x_wconf 78' lang='lat' dir='ltr'>qrtibus</span> <span class='ocrx_word' id='word_1_29' title='bbox 358 857 458 930; x_wconf 85' lang='lat' dir='ltr'>iilius</span> <span class='ocrx_word' id='word_1_30' title='bbox 478 855 672 946; x_wconf 83' lang='lat' dir='ltr'>decennis,</span> <span class='ocrx_word' id='word_1_31' title='bbox 696 878 787 930; x_wconf 89' lang='lat' dir='ltr'>usus</span> <span class='ocrx_word' id='word_1_32' title='bbox 805 857 1034 956; x_wconf 79' lang='lat' dir='ltr'>aliquamdiu</span> <span class='ocrx_word' id='word_1_33' title='bbox 1066 874 1071 883; x_wconf 76' lang='grc'><em>“</em></span> 
     </span>
     <span class='ocr_line' id='line_1_6' title="bbox 61 983 1044 1090; baseline 0.001 -23"><span class='ocrx_word' id='word_1_34' title='bbox 61 995 205 1090; x_wconf 81' lang='lat' dir='ltr'>privata</span> <span class='ocrx_word' id='word_1_35' title='bbox 240 990 421 1066; x_wconf 88' lang='lat' dir='ltr'>Meisneri</span> <span class='ocrx_word' id='word_1_36' title='bbox 461 990 688 1089; x_wconf 84' lang='lat' dir='ltr'>disciplina‚·</span> <span class='ocrx_word' id='word_1_37' title='bbox 712 994 754 1066; x_wconf 93' lang='lat' dir='ltr'>in</span> <span class='ocrx_word' id='word_1_38' title='bbox 791 983 1044 1090; x_wconf 57' lang='lat' dir='ltr'>orphanotro?</span> 
     </span>
    </p>
   </div>
   <div class='ocr_carea' id='block_1_5' title="bbox 63 1124 1034 1227">
    <p class='ocr_par' dir='ltr' id='par_1_5' title="bbox 63 1113 1222 1227">
     <span class='ocr_line' id='line_1_7' title="bbox 63 1124 1034 1227; baseline -0.003 -24"><span class='ocrx_word' id='word_1_39' title='bbox 63 1129 194 1225; x_wconf 74' lang='lat' dir='ltr'>pnsum</span> <span class='ocrx_word' id='word_1_40' title='bbox 215 1125 386 1199; x_wconf 85' lang='lat' dir='ltr'>Haiense</span> <span class='ocrx_word' id='word_1_41' title='bbox 400 1124 582 1200; x_wconf 86' lang='lat' dir='ltr'>deductus</span> <span class='ocrx_word' id='word_1_42' title='bbox 598 1138 676 1216; x_wconf 88' lang='lat' dir='ltr'>est,</span> <span class='ocrx_word' id='word_1_43' title='bbox 705 1125 770 1200; x_wconf 91' lang='lat' dir='ltr'>ubi</span> <span class='ocrx_word' id='word_1_44' title='bbox 791 1129 1034 1227; x_wconf 87' lang='lat' dir='ltr'>quinquenni·</span> 
     </span>
    </p>
   </div>
   <div class='ocr_carea' id='block_1_6' title="bbox 132 1262 1034 1363">
    <p class='ocr_par' dir='ltr' id='par_1_6' title="bbox 63 1262 1034 1363">
     <span class='ocr_line' id='line_1_8' title="bbox 132 1262 1034 1363; baseline 0.004 -25.716"><span class='ocrx_word' id='word_1_45' title='bbox 132 1263 282 1358; x_wconf 73' lang='lat' dir='ltr'>exegit,</span> <span class='ocrx_word' id='word_1_46' title='bbox 303 1264 473 1360; x_wconf 72' lang='lat' dir='ltr'>masque</span> <span class='ocrx_word' id='word_1_47' title='bbox 488 1262 583 1336; x_wconf 88' lang='lat' dir='ltr'>alios</span> <span class='ocrx_word' id='word_1_48' title='bbox 600 1275 884 1363; x_wconf 78' lang='lat' dir='ltr'>praeceptorem</span> <span class='ocrx_word' id='word_1_49' title='bbox 904 1279 1034 1341; x_wconf 87' lang='lat' dir='ltr'>nactus</span> 
     </span>
    </p>
   </div>
   <div class='ocr_carea' id='block_1_7' title="bbox 64 1396 1172 1504">
    <p class='ocr_par' dir='ltr' id='par_1_7' title="bbox 64 1396 1172 1504">
     <span class='ocr_line' id='line_1_9' title="bbox 64 1396 1172 1504; baseline 0.011 -37"><span class='ocrx_word' id='word_1_50' title='bbox 64 1415 114 1475; x_wconf 71' lang='lat' dir='ltr'>eet</span> <span class='ocrx_word' id='word_1_51' title='bbox 155 1397 441 1504; x_wconf 75' lang='lat' dir='ltr'>sigismundum</span> <span class='ocrx_word' id='word_1_52' title='bbox 481 1400 659 1473; x_wconf 85' lang='lat' dir='ltr'>iacobum</span> <span class='ocrx_word' id='word_1_53' title='bbox 696 1399 1034 1497; x_wconf 74' lang='lat' dir='ltr'>Banmgart&#39;enium</span> <span class='ocrx_word' id='word_1_54' title='bbox 1124 1396 1129 1407; x_wconf 80' lang='grc'><strong>“</strong></span> <span class='ocrx_word' id='word_1_55' title='bbox 1170 1446 1172 1450; x_wconf 35' lang='lat' dir='ltr'><em>s</em></span> 
     </span>
    </p>
   </div>
   <div class='ocr_carea' id='block_1_8' title="bbox 42 1530 1102 2180">
    <p class='ocr_par' dir='ltr' id='par_1_8' title="bbox 42 1530 1102 2180">
     <span class='ocr_line' id='line_1_10' title="bbox 42 1530 1102 1649; baseline 0 -37"><span class='ocrx_word' id='word_1_56' title='bbox 42 1530 175 1638; x_wconf 75' lang='lat' dir='ltr'>&#39;nuper</span> <span class='ocrx_word' id='word_1_57' title='bbox 209 1538 428 1633; x_wconf 74' lang='lat' dir='ltr'>theologum</span> <span class='ocrx_word' id='word_1_58' title='bbox 465 1535 671 1611; x_wconf 85' lang='lat' dir='ltr'>Haiensem</span> <span class='ocrx_word' id='word_1_59' title='bbox 702 1536 813 1649; x_wconf 80' lang='lat' dir='ltr'>longe</span> <span class='ocrx_word' id='word_1_60' title='bbox 842 1538 1034 1629; x_wconf 82' lang='lat' dir='ltr'>celeberri-</span> <span class='ocrx_word' id='word_1_61' title='bbox 1098 1621 1102 1626; x_wconf 53' lang='grc'><em>,</em></span> 
     </span>
     <span class='ocr_line' id='line_1_11' title="bbox 64 1669 1034 1762; baseline 0.004 -13"><span class='ocrx_word' id='word_1_62' title='bbox 64 1697 159 1749; x_wconf 86' lang='lat' dir='ltr'>num</span> <span class='ocrx_word' id='word_1_63' title='bbox 185 1684 227 1747; x_wconf 91' lang='lat' dir='ltr'>et</span> <span class='ocrx_word' id='word_1_64' title='bbox 259 1669 577 1762; x_wconf 84' lang='lat' dir='ltr'>emditissimum,</span> <span class='ocrx_word' id='word_1_65' title='bbox 613 1672 718 1744; x_wconf 88' lang='lat' dir='ltr'>cuius</span> <span class='ocrx_word' id='word_1_66' title='bbox 745 1674 928 1747; x_wconf 89' lang='lat' dir='ltr'>memoria</span> <span class='ocrx_word' id='word_1_67' title='bbox 949 1682 1034 1753; x_wconf 84' lang='lat' dir='ltr'>&#39;tem</span> 
     </span>
     <span class='ocr_line' id='line_1_12' title="bbox 63 1803 1036 1905; baseline 0.001 -23"><span class='ocrx_word' id='word_1_68' title='bbox 63 1807 246 1905; x_wconf 72' lang='lat' dir='ltr'>putairrit</span> <span class='ocrx_word' id='word_1_69' title='bbox 259 1805 550 1894; x_wconf 78' lang='lat' dir='ltr'>Reisltio,ut‚si</span> <span class='ocrx_word' id='word_1_70' title='bbox 574 1803 667 1902; x_wconf 84' lang='lat' dir='ltr'>quid</span> <span class='ocrx_word' id='word_1_71' title='bbox 680 1806 831 1880; x_wconf 87' lang='lat' dir='ltr'>molesti</span> <span class='ocrx_word' id='word_1_72' title='bbox 844 1807 1036 1883; x_wconf 77' lang='lat' dir='ltr'>habuisset</span> 
     </span>
     <span class='ocr_line' id='line_1_13' title="bbox 64 1935 1035 2035; baseline 0 -20"><span class='ocrx_word' id='word_1_73' title='bbox 64 1941 158 2016; x_wconf 78' lang='lat' dir='ltr'>iilud</span> <span class='ocrx_word' id='word_1_74' title='bbox 176 1942 336 2016; x_wconf 73' lang='lat' dir='ltr'>tirocinii</span> <span class='ocrx_word' id='word_1_75' title='bbox 363 1951 534 2035; x_wconf 80' lang='lat' dir='ltr'>tempus,</span> <span class='ocrx_word' id='word_1_76' title='bbox 559 1935 603 2010; x_wconf 88' lang='lat' dir='ltr'>id</span> <span class='ocrx_word' id='word_1_77' title='bbox 626 1959 739 2010; x_wconf 85' lang='lat' dir='ltr'>omns</span> <span class='ocrx_word' id='word_1_78' title='bbox 760 1942 947 2014; x_wconf 88' lang='lat' dir='ltr'>suavitate</span> <span class='ocrx_word' id='word_1_79' title='bbox 967 1964 1035 2015; x_wconf 92' lang='lat' dir='ltr'>no-</span> 
     </span>
     <span class='ocr_line' id='line_1_14' title="bbox 65 2074 1036 2180; baseline -0.001 -26"><span class='ocrx_word' id='word_1_80' title='bbox 65 2080 173 2154; x_wconf 86' lang='lat' dir='ltr'>mim&#39;s</span> <span class='ocrx_word' id='word_1_81' title='bbox 206 2074 529 2173; x_wconf 81' lang='lat' dir='ltr'>Baumgarteniani</span> <span class='ocrx_word' id='word_1_82' title='bbox 566 2086 879 2180; x_wconf 74' lang='lat' dir='ltr'>compensaretur.</span> <span class='ocrx_word' id='word_1_83' title='bbox 946 2077 1036 2152; x_wconf 69' lang='lat' dir='ltr'>Sao</span> 
     </span>
    </p>
   </div>
   <div class='ocr_carea' id='block_1_9' title="bbox 67 2180 1264 2323">
    <p class='ocr_par' dir='ltr' id='par_1_9' title="bbox 67 2180 1264 2323">
     <span class='ocr_line' id='line_1_15' title="bbox 67 2180 1264 2323; baseline -0.007 -31"><span class='ocrx_word' id='word_1_84' title='bbox 67 2219 143 2316; x_wconf 84' lang='lat' dir='ltr'>pius</span> <span class='ocrx_word' id='word_1_85' title='bbox 169 2237 272 2323; x_wconf 85' lang='lat' dir='ltr'>vero</span> <span class='ocrx_word' id='word_1_86' title='bbox 293 2211 464 2300; x_wconf 84' lang='lat' dir='ltr'>dolebat,</span> <span class='ocrx_word' id='word_1_87' title='bbox 486 2232 527 2284; x_wconf 89' lang='lat' dir='ltr'>se</span> <span class='ocrx_word' id='word_1_88' title='bbox 554 2217 647 2284; x_wconf 72' lang='lat' dir='ltr'>non&#39;</span> <span class='ocrx_word' id='word_1_89' title='bbox 664 2208 714 2282; x_wconf 85' lang='lat' dir='ltr'>ab</span> <span class='ocrx_word' id='word_1_90' title='bbox 738 2180 1035 2290; x_wconf 63' lang='lat' dir='ltr'>omnibus&#39;itlius</span> <span class='ocrx_word' id='word_1_91' title='bbox 1133 2250 1138 2259; x_wconf 92' lang='lat'>·</span> <span class='ocrx_word' id='word_1_92' title='bbox 1254 2254 1264 2261; x_wconf 94' lang='lat'>-</span> 
     </span>
    </p>
   </div>
   <div class='ocr_carea' id='block_1_10' title="bbox 10 2345 1069 3134">
    <p class='ocr_par' dir='ltr' id='par_1_10' title="bbox 10 2345 1039 2863">
     <span class='ocr_line' id='line_1_16' title="bbox 67 2345 1035 2451; baseline 0 -25"><span class='ocrx_word' id='word_1_93' title='bbox 67 2353 206 2428; x_wconf 78' lang='lat' dir='ltr'>odielae</span> <span class='ocrx_word' id='word_1_94' title='bbox 233 2346 540 2450; x_wconf 69' lang='lat' dir='ltr'>praeceptoribus</span> <span class='ocrx_word' id='word_1_95' title='bbox 562 2368 609 2419; x_wconf 91' lang='lat' dir='ltr'>eo</span> <span class='ocrx_word' id='word_1_96' title='bbox 640 2345 794 2423; x_wconf 88' lang='lat' dir='ltr'>ductum</span> <span class='ocrx_word' id='word_1_97' title='bbox 825 2371 931 2442; x_wconf 88' lang='lat' dir='ltr'>esse,</span> <span class='ocrx_word' id='word_1_98' title='bbox 961 2375 1035 2451; x_wconf 83' lang='lat' dir='ltr'>quo</span> 
     </span>
     <span class='ocr_line' id='line_1_17' title="bbox 66 2459 1037 2586; baseline -0.002 -20"><span class='ocrx_word' id='word_1_99' title='bbox 66 2489 238 2580; x_wconf 82' lang='lat' dir='ltr'>debebat,</span> <span class='ocrx_word' id='word_1_100' title='bbox 260 2490 333 2563; x_wconf 87' lang='lat' dir='ltr'>hoc</span> <span class='ocrx_word' id='word_1_101' title='bbox 347 2499 422 2577; x_wconf 85' lang='lat' dir='ltr'>est,</span> <span class='ocrx_word' id='word_1_102' title='bbox 442 2459 493 2560; x_wconf 81' lang='lat' dir='ltr'>ad</span> <span class='ocrx_word' id='word_1_103' title='bbox 508 2506 571 2558; x_wconf 86' lang='lat' dir='ltr'>cas</span> <span class='ocrx_word' id='word_1_104' title='bbox 588 2496 707 2575; x_wconf 85' lang='lat' dir='ltr'>artes,</span> <span class='ocrx_word' id='word_1_105' title='bbox 727 2486 861 2583; x_wconf 87' lang='lat' dir='ltr'>quibus</span> <span class='ocrx_word' id='word_1_106' title='bbox 876 2488 1037 2586; x_wconf 63' lang='lat' dir='ltr'>reliqua²</span> 
     </span>
     <span class='ocr_line' id='line_1_18' title="bbox 10 2595 1036 2725; baseline 0.007 -32"><span class='ocrx_word' id='word_1_107' title='bbox 10 2670 12 2693; x_wconf 86' lang='grc'>.</span> <span class='ocrx_word' id='word_1_108' title='bbox 65 2650 144 2703; x_wconf 78' lang='lat' dir='ltr'>mm</span> <span class='ocrx_word' id='word_1_109' title='bbox 179 2627 463 2725; x_wconf 76' lang='lat' dir='ltr'>disciplinarum</span> <span class='ocrx_word' id='word_1_110' title='bbox 507 2625 771 2696; x_wconf 86' lang='lat' dir='ltr'>commentatio</span> <span class='ocrx_word' id='word_1_111' title='bbox 810 2595 1036 2700; x_wconf 75' lang='lat' dir='ltr'>contineor:</span> 
     </span>
     <span class='ocr_line' id='line_1_19' title="bbox 64 2762 1039 2863; baseline -0.003 -22"><span class='ocrx_word' id='word_1_112' title='bbox 64 2788 149 2841; x_wconf 75' lang='lat' dir='ltr'>uun</span> <span class='ocrx_word' id='word_1_113' title='bbox 180 2765 401 2863; x_wconf 85' lang='lat' dir='ltr'>pierumque</span> <span class='ocrx_word' id='word_1_114' title='bbox 419 2763 477 2835; x_wconf 80' lang='lat' dir='ltr'>in</span> <span class='ocrx_word' id='word_1_115' title='bbox 515 2762 763 2835; x_wconf 84' lang='lat' dir='ltr'>recentionun</span> <span class='ocrx_word' id='word_1_116' title='bbox 791 2762 1039 2859; x_wconf 85' lang='lat' dir='ltr'>quorumdam</span> 
     </span>
    </p>

    <p class='ocr_par' dir='ltr' id='par_1_11' title="bbox 64 2868 1069 3134">
     <span class='ocr_line' id='line_1_20' title="bbox 64 2868 1069 3002; baseline -0.002 -25"><span class='ocrx_word' id='word_1_117' title='bbox 64 2902 234 3002; x_wconf 79' lang='lat' dir='ltr'>epistolis</span> <span class='ocrx_word' id='word_1_118' title='bbox 264 2901 394 2974; x_wconf 87' lang='lat' dir='ltr'>latinis</span> <span class='ocrx_word' id='word_1_119' title='bbox 416 2897 664 2987; x_wconf 88' lang='lat' dir='ltr'>detineretur,</span> <span class='ocrx_word' id='word_1_120' title='bbox 685 2917 771 2968; x_wconf 90' lang='lat' dir='ltr'>raro</span> <span class='ocrx_word' id='word_1_121' title='bbox 796 2910 963 2974; x_wconf 89' lang='lat' dir='ltr'>veterem</span> <span class='ocrx_word' id='word_1_122' title='bbox 984 2902 1038 2975; x_wconf 89' lang='lat' dir='ltr'>la·</span> <span class='ocrx_word' id='word_1_123' title='bbox 1066 2868 1069 2873; x_wconf 25' lang='lat'>¹</span> 
     </span>
     <span class='ocr_line' id='line_1_21' title="bbox 65 3036 1039 3134; baseline -0.003 -19"><span class='ocrx_word' id='word_1_124' title='bbox 65 3041 224 3128; x_wconf 81' lang='lat' dir='ltr'>tinitstis</span> <span class='ocrx_word' id='word_1_125' title='bbox 244 3039 426 3134; x_wconf 76' lang='lat' dir='ltr'>genuinae</span> <span class='ocrx_word' id='word_1_126' title='bbox 448 3036 669 3134; x_wconf 78' lang='lat' dir='ltr'>scriptorem</span> <span class='ocrx_word' id='word_1_127' title='bbox 690 3050 941 3130; x_wconf 60' lang='lat' dir='ltr'>cognoscerem</span> <span class='ocrx_word' id='word_1_128' title='bbox 962 3052 1039 3130; x_wconf 89' lang='lat' dir='ltr'>aut,</span> 
     </span>
    </p>
   </div>
   <div class='ocr_carea' id='block_1_11' title="bbox 62 3170 1175 3278">
    <p class='ocr_par' dir='ltr' id='par_1_12' title="bbox 62 3170 1175 3278">
     <span class='ocr_line' id='line_1_22' title="bbox 62 3170 1175 3278; baseline -0.005 -25"><span class='ocrx_word' id='word_1_129' title='bbox 62 3181 95 3253; x_wconf 84' lang='lat' dir='ltr'>si</span> <span class='ocrx_word' id='word_1_130' title='bbox 117 3201 232 3278; x_wconf 87' lang='lat' dir='ltr'>quem</span> <span class='ocrx_word' id='word_1_131' title='bbox 254 3177 466 3272; x_wconf 66' lang='lat' dir='ltr'>attigisset,</span> <span class='ocrx_word' id='word_1_132' title='bbox 479 3194 556 3246; x_wconf 93' lang='lat' dir='ltr'>non</span> <span class='ocrx_word' id='word_1_133' title='bbox 577 3184 656 3246; x_wconf 89' lang='lat' dir='ltr'>tam</span> <span class='ocrx_word' id='word_1_134' title='bbox 684 3170 784 3245; x_wconf 89' lang='lat' dir='ltr'>bons</span> <span class='ocrx_word' id='word_1_135' title='bbox 804 3175 904 3263; x_wconf 90' lang='lat' dir='ltr'>eius,</span> <span class='ocrx_word' id='word_1_136' title='bbox 927 3179 1040 3272; x_wconf 84' lang='lat' dir='ltr'>quam</span> <span class='ocrx_word' id='word_1_137' title='bbox 1171 3244 1175 3253; x_wconf 91' lang='grc'><em>,</em></span> 
     </span>
    </p>
   </div>
   <div class='ocr_carea' id='block_1_12' title="bbox 63 3308 1040 3545">
    <p class='ocr_par' dir='ltr' id='par_1_13' title="bbox 63 3308 1040 3545">
     <span class='ocr_line' id='line_1_23' title="bbox 63 3308 1040 3409; baseline -0.009 -18"><span class='ocrx_word' id='word_1_138' title='bbox 63 3315 183 3391; x_wconf 81' lang='lat' dir='ltr'>verba</span> <span class='ocrx_word' id='word_1_139' title='bbox 197 3327 468 3409; x_wconf 86' lang='lat' dir='ltr'>externamque</span> <span class='ocrx_word' id='word_1_140' title='bbox 481 3311 645 3408; x_wconf 88' lang='lat' dir='ltr'>speciem</span> <span class='ocrx_word' id='word_1_141' title='bbox 658 3309 794 3382; x_wconf 87' lang='lat' dir='ltr'>intueri</span> <span class='ocrx_word' id='word_1_142' title='bbox 811 3321 848 3381; x_wconf 90' lang='lat' dir='ltr'>et</span> <span class='ocrx_word' id='word_1_143' title='bbox 862 3308 1040 3383; x_wconf 86' lang='lat' dir='ltr'>adrnirari</span> 
     </span>
     <span class='ocr_line' id='line_1_24' title="bbox 64 3445 1039 3545; baseline -0.006 -19"><span class='ocrx_word' id='word_1_144' title='bbox 64 3452 265 3529; x_wconf 83' lang='lat' dir='ltr'>iuberetur.</span> <span class='ocrx_word' id='word_1_145' title='bbox 317 3447 395 3524; x_wconf 88' lang='lat' dir='ltr'>Nec</span> <span class='ocrx_word' id='word_1_146' title='bbox 408 3447 530 3521; x_wconf 86' lang='lat' dir='ltr'>fuerat</span> <span class='ocrx_word' id='word_1_147' title='bbox 550 3469 596 3520; x_wconf 89' lang='lat' dir='ltr'>ea</span> <span class='ocrx_word' id='word_1_148' title='bbox 613 3445 874 3545; x_wconf 85' lang='lat' dir='ltr'>philosophiae</span> <span class='ocrx_word' id='word_1_149' title='bbox 896 3458 933 3517; x_wconf 92' lang='lat' dir='ltr'>et</span> <span class='ocrx_word' id='word_1_150' title='bbox 959 3468 1039 3520; x_wconf 90' lang='lat' dir='ltr'>ma·</span> 
     </span>
    </p>
   </div>
   <div class='ocr_carea' id='block_1_13' title="bbox 64 3581 1204 3678">
    <p class='ocr_par' dir='ltr' id='par_1_14' title="bbox 64 3581 1204 3678">
     <span class='ocr_line' id='line_1_25' title="bbox 64 3581 1204 3678; baseline -0.007 -16"><span class='ocrx_word' id='word_1_151' title='bbox 64 3589 214 3662; x_wconf 79' lang='lat' dir='ltr'>theseos</span> <span class='ocrx_word' id='word_1_152' title='bbox 238 3585 394 3658; x_wconf 89' lang='lat' dir='ltr'>scientia</span> <span class='ocrx_word' id='word_1_153' title='bbox 414 3583 598 3673; x_wconf 89' lang='lat' dir='ltr'>imbutus,</span> <span class='ocrx_word' id='word_1_154' title='bbox 629 3602 741 3678; x_wconf 89' lang='lat' dir='ltr'>quam</span> <span class='ocrx_word' id='word_1_155' title='bbox 769 3581 872 3661; x_wconf 86' lang='lat' dir='ltr'>illius</span> <span class='ocrx_word' id='word_1_156' title='bbox 908 3584 1041 3656; x_wconf 85' lang='lat' dir='ltr'>aetatis</span> <span class='ocrx_word' id='word_1_157' title='bbox 1193 3630 1204 3650; x_wconf 84' lang='lat'>.·</span> 
     </span>
    </p>
   </div>
   <div class='ocr_carea' id='block_1_14' title="bbox 61 3715 1042 3928">
    <p class='ocr_par' dir='ltr' id='par_1_15' title="bbox 61 3715 1042 3928">
     <span class='ocr_line' id='line_1_26' title="bbox 61 3715 1042 3820; baseline -0.01 -21"><span class='ocrx_word' id='word_1_158' title='bbox 61 3723 312 3820; x_wconf 80' lang='lat' dir='ltr'>intelligentia</span> <span class='ocrx_word' id='word_1_159' title='bbox 333 3717 529 3807; x_wconf 81' lang='lat' dir='ltr'>commode</span> <span class='ocrx_word' id='word_1_160' title='bbox 560 3719 679 3817; x_wconf 91' lang='lat' dir='ltr'>capit,</span> <span class='ocrx_word' id='word_1_161' title='bbox 703 3715 923 3812; x_wconf 88' lang='lat' dir='ltr'>carebatque</span> <span class='ocrx_word' id='word_1_162' title='bbox 946 3719 1042 3792; x_wconf 93' lang='lat' dir='ltr'>mul-</span> 
     </span>
     <span class='ocr_line' id='line_1_27' title="bbox 888 3859 941 3928; baseline 0 -30"><span class='ocrx_word' id='word_1_163' title='bbox 888 3859 912 3928; x_wconf 77' lang='lat'><strong>3</strong></span> <span class='ocrx_word' id='word_1_164' title='bbox 925 3863 941 3898; x_wconf 66' lang='grc' dir='ltr'>ι</span> 
     </span>
    </p>
   </div>
   <div class='ocr_carea' id='block_1_15' title="bbox 0 0 1282 4590">
    <p class='ocr_par' dir='ltr' id='par_1_16' title="bbox 0 0 1282 4590">
     <span class='ocr_line' id='line_1_28' title="bbox 0 0 1282 4590; baseline 0 0"><span class='ocrx_word' id='word_1_165' title='bbox 0 0 1282 4590; x_wconf 95' lang='lat' dir='ltr'> </span> 
     </span>
    </p>
   </div>
  </div>
 </body>
</html>
