2550 4590
622 320 673 333 ...
724 284 749 353 0
800 320 852 331 .-

254 396 335 535 tus,
364 446 610 547 inprimisque
624 450 660 548 ⁸)
691 450 882 547 exquisito
910 445 1050 521 iudicio
1079 446 1229 545 elegan-

96 653 108 666 ,
254 584 330 655 tiae
348 584 389 655 in
408 583 604 658 scribendo
622 584 785 662 valebat.
834 582 908 659 Hie
926 588 1071 683 primus
1088 588 1230 659 oratio-

254 734 343 786 nem
370 738 494 789 meam
520 716 634 791 limae
661 740 753 793 suae
786 720 987 795 severitate
1025 718 1231 817 expolivit,

256 846 355 920 intra
373 849 492 923 iustos
524 852 616 926 lines
637 850 805 947 redigere
827 864 866 923 et
890 872 1129 924 numerosam
1153 846 1234 923 elli-

256 1008 341 1057 eere
361 984 497 1061 docuit.
546 988 598 1063 Et
619 990 781 1065 habebnt
795 988 1015 1065 admirabile
1033 990 1235 1063 artilieium

258 1120 485 1219 ellingendae
512 1130 692 1203 orationis
718 1128 895 1228 puerilis,
923 1149 1000 1200 non
1027 1124 1144 1199 modo
1170 1125 1235 1215 iis,

260 1280 355 1357 quae
376 1266 515 1364 scripta
535 1278 676 1358 essent,
691 1264 933 1362 castigandis,
957 1286 1029 1364 pro
1053 1266 1237 1361 cuiusque

260 1397 398 1491 ingenii
428 1413 467 1473 et
494 1401 680 1477 facultatis
707 1398 843 1493 modo,
870 1400 937 1475 sed
965 1402 1080 1473 etiam
1108 1410 1237 1472 aetram

259 1532 385 1629 ipsum
414 1548 454 1609 et
481 1542 587 1637 quasi
616 1542 741 1615 nisann
768 1536 953 1612 scribendi
981 1548 1019 1609 et
1039 1534 1238 1609 elaboran-

262 1666 334 1743 dae
363 1678 543 1750 orationis
577 1676 779 1770 adiuvans,
798 1673 1081 1776 praecipiendo,
1103 1674 1237 1747 admo·

262 1808 404 1900 nendo,
432 1812 609 1888 cavendo.
660 1814 738 1890 Neo
766 1815 832 1889 alii
858 1813 1082 1887 Graecarum
1109 1813 1238 1885 litera·

262 1966 347 2019 rum
372 1946 418 2045 †)
439 1972 604 2028 amorem
634 1951 775 2044 debeo,
798 1974 954 2051 quarum
975 1946 1239 2023 discendanrm

264 2072 430 2155 studium
460 2085 525 2157 ille
552 2086 665 2177 mihi,
687 2085 735 2159 ab
771 2086 820 2158 iis
848 2083 1039 2172 alieniori,
1063 2080 1169 2180 qnod
1190 2078 1239 2155 ad

102 2256 105 2261 ·
265 2216 461 2290 eonsilium
486 2222 589 2295 vitae
617 2222 766 2295 sutrinae
791 2220 887 2293 nihil
914 2216 1119 2291 admodum
1145 2216 1241 2289 nrilri

265 2350 479 2445 profuderas
510 2378 643 2454 passus
668 2378 772 2430 eram
798 2356 892 2429 mihi
915 2352 1158 2452 persuaderi,
1172 2374 1241 2453 op·

266 2488 495 2579 portunitate
525 2492 650 2590 aliqua
675 2512 786 2579 onus,
808 2491 862 2563 ite
883 2487 1079 2563 efficaciter
1098 2490 1241 2577 iniecit,

266 2626 310 2687 nt
330 2631 419 2717 post
444 2624 557 2696 etiam
584 2625 910 2723 intemperantiam
940 2620 1108 2693 discendi
1139 2644 1241 2695 ener-
1272 2666 1274 2694 ι

268 2774 351 2825 eere
363 2768 513 2831 neeesse
526 2756 706 2833 habuerit.
735 2760 907 2855 Denique
920 2780 982 2830 me
999 2755 1165 2831 deduxit
1179 2756 1242 2829 ille

268 2890 307 2960 iu
327 2889 483 2967 domum
505 2896 676 2991 Stiglitii,
699 2892 913 2969 Consularis
937 2916 1057 2992 nuper
1078 2893 1239 2969 cirtam
1271 2954 1274 2967 .

269 3040 437 3118 nostrae,
466 3054 490 3103 a
520 3054 593 3129 quo
623 3044 853 3132 quantopere
875 3030 1045 3118 adiutus,
1075 3044 1236 3117 ornatus.

270 3162 428 3263 deniqne
449 3172 561 3242 etiam
586 3182 732 3243 amatus
752 3170 845 3257 sim,
861 3192 944 3241 erim
959 3170 1077 3239 sciant
1101 3188 1233 3251 arnna,

270 3300 391 3395 sitque
423 3303 465 3375 in
492 3326 538 3375 eo
568 3326 657 3401 pars
691 3324 826 3397 magna
856 3300 1047 3397 dignitatis
1078 3314 1227 3385 nostroe,
1271 3357 1273 3368 .

271 3456 346 3506 rron
367 3458 463 3535 opus
491 3450 549 3513 est
577 3437 710 3512 dicere.
762 3440 891 3537 ltaque
919 3448 1040 3511 morte
1069 3439 1154 3511 eius
1180 3456 1225 3509 en

315 3604 345 3683 ¹⁸)
365 3604 420 3665 ut.
440 3628 484 3685 pr.
504 3612 719 3691 inprimisque.
768 3610 828 3670 iit.

313 3722 352 3802 †)
373 3723 442 3807 l’sg.
463 3724 538 3791 467.
