2550 4590
604 300 653 311 —
706 262 757 331 20
809 299 859 308 -—
970 328 975 334 .

249 433 410 517 banium,
427 426 694 501 Callimachum
710 440 748 499 et
760 426 1044 501 Artemidorum.
1054 429 1217 524 eomple-

248 581 410 657 etnntnr3
426 568 587 663 quinque
602 566 678 639 alia
695 567 968 662 typographum
987 580 1217 664 exspectant,

247 703 505 776 annotationes
527 703 567 773 in
592 700 820 788 Homerum,
844 700 1064 790 Pindarum,
1093 673 1252 804 Xeno--⁴

246 844 444 939 phontem,
458 840 684 932 Dionysium
697 839 904 927 Halicarn,
926 840 1133 934 Diogenem
1146 840 1218 912 La-

247 983 400 1065 ertinm,
436 977 654 1066 Attianum,
692 977 977 1067 Philostratum,
1005 979 1217 1050 Maximum

248 1114 425 1206 Tyrium,
442 1113 661 1199 Aelianum,
675 1112 904 1207 Longinum,
919 1113 970 1184 M.
985 1111 1217 1209 Antoninum

112 1314 116 1319 ,
246 1252 360 1347 irnp,
375 1248 630 1344 Simplicium,
648 1247 888 1340 Polyaenum,
904 1249 1107 1336 lulianum,
1122 1248 1218 1321 The·

192 1427 196 1435 ·
249 1389 433 1483 mistium,
457 1384 672 1481 Appianum
677 1436 692 1513 Ι,
714 1383 998 1480 Alciphronem,
1011 1385 1218 1474 Moschum,

247 1524 397 1602 Libanii
420 1522 610 1618 epistolas,
631 1521 855 1617 Procopirun
871 1533 908 1592 et
923 1535 1088 1593 oratores
1105 1522 1220 1595 Grae-

250 1681 312 1735 cos
327 1660 490 1730 minores
504 1658 740 1728 continentia
774 1655 850 1727 Sed
864 1657 934 1728 hoc
949 1656 1018 1729 tali
1033 1658 1112 1728 eius
1127 1666 1220 1728 tem·

248 1811 341 1888 pore
349 1788 430 1870 ,duo
446 1789 684 1884 potissimum
696 1789 857 1882 insignes
870 1799 1049 1883 patronos
1063 1790 1138 1884 ipsi
1154 1808 1221 1859 ex-

250 1923 379 2033 citavit
392 1922 632 2022 providentia
645 1924 785 2012 diuirm,
801 1925 971 2031 alterum,
986 1895 1160 1997 conri'tem
1175 1924 1223 1996 de

251 2060 537 2147 Wackerbarth,
569 2063 631 2154 qui
655 2083 724 2153 pro
749 2064 886 2152 exiguo
916 2061 1078 2157 quodam
1100 2061 1220 2135 offitio

123 2288 127 2295 ¹
248 2204 324 2298 ipsi
341 2187 524 2297 vpraestito
547 2208 695 2268 centum
711 2196 971 2292 'imperialibus
998 2180 1083 2271 eum
1106 2199 1220 2272 dona·

251 2342 318 2427 vit,
333 2338 502 2423 alterum,
519 2334 583 2405 cel.
597 2333 651 2404 Io.
664 2333 758 2426 Aug.
773 2334 942 2422 Ernesti,
958 2337 1020 2430 qui
1034 2359 1103 2431 per
1118 2337 1220 2409 bien·

250 2471 354 2544 nium
376 2471 454 2542 lere
480 2491 565 2540 eum
594 2466 855 2541 liberalissime
872 2490 1023 2541 mensae
1045 2492 1135 2544 suae
1155 2471 1221 2544 ad·

250 2608 381 2681 hibuit

310 2822 312 2827 ,
328 2744 447 2815 Immo
469 2737 640 2827 tandem,
662 2762 773 2834 quern
787 2738 852 2811 diu
866 2763 948 2813 cum
970 2740 1131 2815 adversa
1146 2743 1221 2817 for·

156 2924 157 2928 =
251 2893 352 2968 tuna,
368 2890 540 2973 egestate,
556 2890 594 2948 et
607 2876 766 2949 aliorum
783 2876 880 2949 odiis
897 2879 1097 2951 conflictari
1111 2902 1222 2977 passa

252 3030 349 3103 erat,
380 3038 466 3086 eurn
489 3011 641 3084 tandem
663 3011 863 3107 aliquando
885 3034 935 3084 ex
957 3025 1014 3086 tot
1036 3002 1222 3113 tantisque

251 3154 360 3226 malis
377 3150 529 3227 volebat
543 3173 748 3244 emergere,
773 3152 880 3246 eique
901 3166 1049 3247 praeter
1071 3176 1221 3228 omnem

249 3314 359 3395 spem
376 3302 487 3387 atque
504 3289 738 3385 opinionem,
756 3291 959 3383 quumiam
974 3288 1078 3362 abire
1092 3291 1224 3388 Lipsia
1259 3332 1262 3339 ·

253 3431 447 3521 cogitaret,
470 3437 621 3522 portum
643 3425 864 3524 aliquemne
878 3425 1088 3522 perfugium
1103 3429 1223 3507 maln-

251 3585 334 3635 rnm
356 3564 584 3636 tutissimum
608 3559 835 3634 ostendebat.
893 3561 938 3635 ld
968 3565 1024 3636 ita
1057 3568 1222 3661 contigit

252 3699 362 3771 Anno
392 3702 643 3773 cloloccnvm.
672 3700 844 3786 ineunte,
878 3700 1073 3794 repentina
1099 3714 1224 3787 morte
