2550 4590
589 272 843 345 ..90-

243 449 309 525 illa
337 448 427 523 viva
452 441 692 535 eratdmago.
751 438 1007 529 Documenta,
1039 461 1091 513 ex
1123 444 1210 525 inst.

242 586 348 673 nitis,
380 581 455 654 duo
485 590 628 655 tantm
657 578 867 676 proferam,
907 576 975 651 sed
1012 602 1077 669 ea,
1112 604 1213 678 quae

241 723 315 795 sint
349 721 465 792 instar
502 719 679 791 omnium.
737 712 832 789 Cmn
870 727 990 791 mater
1015 716 1117 790 laeta
1151 740 1212 793 es-

241 871 317 948 set,
342 878 417 928 non
439 852 615 943 faciebat,
642 849 744 950 qued
766 854 949 952 reliquae,
976 876 1071 950 quae
1090 860 1213 931 nutri·

24 988 34 1067 '.
183 1062 187 1067 .
244 1016 304 1067 ees
336 1002 481 1081 emunt,
507 989 658 1065 lunulis
684 1002 820 1084 augent
842 988 1046 1079 tantumn,
1077 995 1214 1067 sumti·

243 1132 384 1227 busque
406 1127 583 1202 faciendis
607 1127 764 1222 fatigant
784 1127 952 1201 marites.
987 1126 1088 1223 Ipsa,
1109 1128 1214 1226 qued

241 1276 454 1367 pepererat,
494 1285 571 1337 nen
598 1265 758 1345 nutrivit
793 1259 928 1352 mede,
970 1284 1015 1335 ae
1042 1262 1215 1360 diligenti

243 1424 330 1475 eura
348 1400 466 1487 levit,
494 1398 538 1495 †)
560 1411 599 1473 et
622 1398 798 1475 educavit
818 1421 886 1495 per
908 1419 960 1485 se,
984 1396 1055 1473 sed
1078 1398 1217 1473 eedem

240 1548 412 1633 ¹tempore
436 1536 588 1629 negotia
620 1556 767 1632 queque
800 1530 1005 1607 donnestica
1038 1540 1219 1613 uaetauit

190 1678 199 1703 ⁸
237 1675 329 1765 ¹alia.
381 1672 431 1747 Et
454 1694 522 1761 ne,
555 1670 647 1773 dum
668 1674 754 1769 ipsa
783 1669 895 1745 rebus
922 1684 1023 1745 esset
1051 1676 1134 1747 mis·
1154 1676 1219 1747 l'n·

243 1818 366 1898 tenta,
397 1804 541 1906 aliquid
561 1804 651 1881 inde
670 1806 884 1883 detrimenti
907 1813 1217 1907 caperent-parsi

241 1944 381 2037 ‚abiecti
400 1958 465 2021 aut
485 1946 642 2041 neglecti
666 1958 785 2034 certe,
810 1945 898 2019 illes
918 1945 1035 2051 liptee
1054 1946 1219 2023 selamin

244 2086 307 2157 xit
334 2103 405 2157 sue
431 2084 549 2179 ipsius
573 2083 741 2181 empturi,
774 2092 813 2155 et
838 2083 894 2155 sie
921 2082 1126 2179 expedivit
1145 2108 1218 2161 res

85 2256 89 2261 ·
246 2214 451 2289 liutherum
492 2212 642 2302 divum,
692 2236 776 2289 eum
817 2214 1019 2313 aliquando
1055 2218 1218 2293 vidisset

241 2346 524 2437 mulierudam,
564 2366 681 2444 quae,
712 2346 849 2425 infanti
877 2370 1083 2425 munnam
1107 2376 1219 2449 prae

104 2570 107 2575 ¹
246 2480 357 2573 bens,
389 2482 547 2581 puerulo
572 2493 660 2555 ante
690 2502 733 2555 se
758 2484 872 2557 stanti
897 2483 1005 2559 alteri
1026 2509 1157 2583 preces
1179 2501 1219 2562 et

246 2618 365 2711 uerba
386 2641 491 2693 saera
512 2621 694 2717 praeiret,
720 2636 896 2716 neretque
918 2624 1030 2698 simul
1050 2628 1218 2725 insuper,

249 2756 358 2829 Bene
379 2754 509 2827 Deus!
534 2756 767 2830 exclamasse
788 2754 928 2848 dieunt,
953 2771 1037 2835 ram
1056 2762 1219 2858 deligen-

248 2903 327 2965 tem
354 2903 551 2991 nunquam
580 2893 678 2984 eut,
716 2918 814 2994 quae
848 2907 930 2969 tres
962 2896 1114 2972 latores
1138 2924 1218 2975 m

249 3041 419 3129 tenpore
435 3030 682 3129 prfflekeret.
740 3033 842 3107 Dive
870 3033 1000 3109 heros!
1033 3039 1076 3111 in
1102 3038 1218 3113 dume

237 3142 406 3239 'Gesneri
421 3169 541 3241 nestri
554 3154 844 3265 pulchenimnm
864 3177 1117 3270 spectaculum
1134 3178 1215 3267 hue

250 3297 316 3371 sed
330 3302 560 3374 rarissimum
584 3301 697 3390 idem,
723 3315 870 3399 poterat
892 3317 972 3380 tum
986 3308 1107 3382 uideri
1126 3335 1220 3411 quu-

251 3431 355 3504 tidie.
413 3432 579 3506 Vidisses
608 3435 668 3507 hie
697 3458 844 3535 qutuque
873 3438 1098 3531 Gesnerum,
1137 3458 1220 3518 tan-

253 3592 363 3665 quam
398 3572 554 3645 altennn
589 3572 802 3671 Philippum
834 3588 958 3667 tuum,
999 3601 1073 3652 uum
1103 3605 1219 3657 manu

294 3723 333 3809 †)
354 3728 423 3809 ng.
447 3730 497 3795 12.
