2550 4590
473 310 755 414 fecs-

130 482 205 579 iegi
223 479 384 573 integras
407 476 574 549 maxirne
596 474 724 551 velim.
773 474 861 551 Hoc
878 497 998 573 genus
1026 478 1106 577 cpi-

131 618 267 707 stoles,
296 624 334 685 et
363 609 495 710 quihus
517 608 726 703 doctrinae,
757 612 909 686 criticae
930 613 1105 711 inprimis

131 754 236 841 artis,
261 747 481 847 particulam
514 744 564 821 ad
589 748 728 823 amicos
762 746 957 824 ferendam
988 746 1105 825 credi·

131 884 268 972 disset,
308 877 621 955 transscribendes
648 902 717 980 per
739 894 911 982 neptem,
945 882 1014 959 vel
1038 904 1106 981 per

132 1017 336 1119 discipulos
357 1016 509 1090 curabat
530 1016 759 1113 plerumque
812 1013 991 1091 Caeteros
1002 1038 1104 1105 vero,

131 1158 209 1233 nisi
233 1155 358 1249 magni
391 1152 573 1226 momenti
603 1174 664 1225 res
701 1155 953 1244 continerent,
996 1153 1104 1252 plns

50 1364 55 1379 .
133 1316 205 1373 sus
232 1294 338 1366 exire
360 1301 546 1390 potestate
578 1264 748 1365 sinebat
793 1290 923 1393 Neque
942 1292 1101 1391 reliquit,

134 1455 231 1533 quae
258 1442 452 1503 auctorum
472 1429 584 1504 nevis
611 1431 847 1528 antiquorum
879 1430 1105 1507 editionibus

87 1608 92 1631 ·
133 1568 316 1643 inservire
337 1587 560 1664 magnopere
588 1578 744 1662 queant,
776 1568 849 1639 nisi
877 1566 1106 1641 emendatio·

134 1726 203 1781 nes
222 1714 290 1778 aut
304 1703 531 1775 coniecturas
550 1721 661 1799 perce
673 1701 772 1775 inter
791 1701 992 1796 legendum
1009 1725 1105 1777 mar·

136 1846 214 1941 gini
234 1845 367 1919 ollitas.
417 1840 652 1917 intercidisse
680 1852 808 1917 tems·
832 1840 1008 1934 ¹dolebat,
1037 1866 1106 1944 quo

137 2005 244 2074 casu,
275 1982 420 2071 nescio,
448 1979 665 2055 fasciculum
687 1978 994 2057 observationum
1022 2003 1108 2055 sua·

37 2174 41 2183 .
136 2140 220 2193 rom
247 2128 358 2215 atque
380 2116 489 2189 amici
511 2118 570 2189 sui
585 2114 785 2215 Theophili
798 2112 976 2211 Siegsridi
989 2116 1108 2213 Bayc·

136 2256 183 2344 ri,
213 2266 263 2343 et,
289 2254 362 2325 nisi
384 2252 482 2324 saliit
501 2274 563 2324 me
585 2252 744 2343 enirnus,
765 2252 924 2328 eliorum
947 2276 1108 2354 quoque»

137 2392 178 2465 in
207 2388 469 2487 Antiphontis,
494 2400 533 2461 et
554 2401 745 2463 oratorum
761 2389 999 2487 ¹reliquorum
1032 2413 1109 2467 ora-

138 2527 278 2615 tiones,
307 2547 415 2621 quom
445 2527 599 2597 miserat
626 2524 676 2598 ed
704 2524 1038 2625 Hauptrnonnum,
1066 2528 1109 2601 li-

138 2666 265 2741 iustris
285 2666 486 2755 Ruthcnei,
515 2664 616 2761 quod
637 2666 757 2739 Gerae
782 2666 909 2757 floret,
938 2666 1110 2743 Directo

138 2827 230 2893 rem,
264 2813 544 2900 praeceptorem
563 2825 688 2876 meum
707 2802 910 2901 plurimum
931 2826 1111 2880 veneran-

140 2934 241 3009 dum.
299 2935 371 3009 His
400 2936 580 3033 temporis
602 2949 640 3008 et
662 2958 797 3032 operae
827 2936 969 3032 aliquid
1002 2938 1111 3013 dede·

138 3085 217 3165 rat,
253 3096 338 3147 cum
370 3071 593 3147 describeret
626 3074 667 3145 in
695 3094 805 3145 usum
835 3074 957 3147 amici.
1019 3074 1111 3151 Nan

138 3211 211 3285 sihi
233 3212 308 3310 ipsi
330 3209 558 3285 sufficiebant
580 3209 798 3308 plerumque
818 3222 931 3282 notae
953 3213 1111 3287 critime.

140 3344 252 3420 Velut
279 3346 444 3421 indicare
474 3368 556 3418 cum
585 3344 718 3432 vellet,
763 3343 884 3416 locum
905 3345 947 3417 in
976 3345 1111 3421 mendo

141 3482 275 3555 cubare
295 3482 436 3573 videri,
471 3494 536 3555 eut
563 3477 927 3577 circumspiciendam
948 3482 993 3579 †)
1037 3508 1111 3557 esse

141 3617 503 3717 interpretationem,
547 3613 798 3709 interrogandi
816 3616 963 3709 signum
988 3617 1044 3694 ad
1065 3619 1111 3693 le

183 3769 216 3847 †)
236 3768 307 3852 ng.
326 3767 397 3833 131.
