2550 4590
412 214 417 225 '
506 278 561 293 -
607 202 698 319 let·
737 282 791 295 -

163 407 341 499 „oculos‚
375 409 459 507 qui,
488 406 672 510 quidqcid
703 422 793 485 cro¹
810 412 1056 507 singulorum
1077 428 1137 505 est,

162 549 357 646 „penitius
380 550 602 647 inspiciunt,
623 549 729 623 nullo
745 562 790 623 ut
808 550 1010 625 latuerunt
1030 574 1136 627 verae

66 736 101 797 ¹-
161 682 421 774 „salubritatis
458 696 669 774 momento,
714 687 787 772 ito,
837 685 972 783 qualia
1008 700 1130 775 essem,

157 822 289 909 „inter
310 822 512 893 sanctiores
533 820 795 919 prov'idmtiao
814 822 903 899 vias
926 821 1126 898 didicimus

39 1024 42 1031 .
152 986 184 1049 ·‚‚
192 956 294 1049 Quid
321 980 423 1075 ppus
459 970 556 1048 eret,
590 960 774 1033 eximium
805 956 967 1052 Virum,
1013 963 1128 1035 omnio

159 1092 333 1184 ,csolidae
371 1090 495 1166 leudis
534 1094 659 1190 spotia
696 1116 916 1185 emensum,
956 1107 997 1168 et
1034 1092 1125 1193 opul

154 1228 257 1321 „nos
288 1250 478 1337 nunquam
493 1238 595 1325 -post
623 1239 683 1301 tot
708 1229 849 1325 ingenii
881 1240 923 1303 et
944 1228 1124 1303 doetrinae

157 1366 420 1455 ‚·,monimenta
464 1364 708 1454 moriturum,
753 1356 854 1437 iuter
904 1364 975 1439 illa
1010 1364 1123 1439 odlruc

155 1498 375 1595 „languoris
393 1498 521 1573 senilis
542 1498 669 1573 toedio
689 1509 728 1570 et
753 1511 967 1585 crescentes
993 1501 1122 1598 passim

141 1646 398 1732 -·‚‚temporurn
429 1632 656 1707 calamitates
687 1632 807 1707 vitam
836 1632 938 1707 hone
964 1633 1029 1708 vel
1060 1654 1119 1731 po-

153 1771 261 1859 „tius
284 1771 386 1842 vitae
407 1738 578 1841 urnlrom
597 1764 858 1864 protrolrercl,
881 1763 1034 1866 Corpus
1056 1768 1122 1865 ipsi

146 1906 255 2011 „lint
276 1930 345 2003 per
367 1906 493 2003 plures
523 1928 639 1979 enoos
659 1906 751 1979 sotis
776 1903 984 1980 robustum
1005 1919 1043 1981 et
1064 1906 1122 1979 illo

152 2046 300 2133 „enimi
329 2044 554 2133 ministerio,
598 2064 694 2139 quae
724 2043 766 2115 in
791 2040 972 2117 fervente
985 2044 1121 2151 ¹littero·

144 2190 306 2269 „torum
340 2188 453 2273 opcr'o
496 2178 751 2273 requiruntur,
786 2176 962 2251 mirabili
991 2179 1122 2277 fideret

130 2314 318 2439 2„virium
345 2312 553 2383 constantia
576 2322 784 2383 sustentare
805 2312 991 2406 soliturn;
1015 2330 1054 2389 et
1072 2316 1122 2389 lu·

149 2444 283 2535 „brice
304 2447 417 2518 nimis
440 2447 534 2517 tanti
555 2444 645 2517 boni
666 2446 708 2516 io
730 2466 771 2517 se
796 2468 998 2545 nunquam
1019 2449 1120 2523 duro-

149 2578 269 2669 „bilis
289 2581 478 2676 possessio
504 2590 586 2653 est,
623 2580 702 2651 Iam
727 2578 884 2677 Lipsiae
909 2606 934 2654 e
957 2587 1123 2681 gravini-

137 2739 243 2807 „ino
269 2716 420 2806 morbo,
447 2716 510 2813 qui
531 2718 572 2789 in
593 2739 757 2789 summas
781 2718 914 2814 ipsum
940 2727 1121 2821 angustias

148 2900 172 2939 ‚‚
180 2848 389 2944 redegerat,
438 2873 514 2923 non
549 2854 622 2924 nisi
667 2875 776 2947 aegre
810 2852 1008 2933 eluctatus
1049 2862 1120 2933 fuit

147 2984 393 3087 „Apud’nos
421 3010 512 3062 voro
547 2986 692 3059 illibata
713 2987 939 3064 valetudine
968 2995 1118 3091 gaudere

146 3123 281 3217 „uisus
302 3136 369 3211 est,
392 3146 486 3220 quae
508 3134 683 3223 corisueta
705 3123 857 3216 negotia
881 3138 967 3203 tarn
991 3130 1115 3229 mispla,

140 3261 370 3349 ·„coutinua,
416 3260 711 3357 fortissimosque
752 3258 935 3336 humeros
972 3268 1115 3362 fatigan-

145 3395 250 3501 „tia‚
275 3416 463 3491 nunquam
486 3395 652 3501 molestis
675 3394 750 3467 illis
771 3396 945 3503 monitis,
976 3413 1019 3473 ut
1039 3423 1113 3499 par·

144 3556 259 3619 „cere
291 3532 363 3604 sibi
389 3534 588 3630 inciperet,
628 3530 895 3628 interpellavit.
954 3536 1044 3609 Duo
1067 3552 1113 3608 to·

144 3718 167 3754 „
175 3689 261 3740 rnen
286 3671 429 3742 circiter
454 3671 582 3768 elapsa
605 3681 692 3742 sunt
713 3668 841 3755 lustro,
864 3691 957 3745 curn
980 3675 1111 3745 acurio
