2550 4590
601 242 881 319 ...953-

260 405 438 483 defuisset
465 409 500 477 ei
523 405 775 505 dispensatrix
804 408 920 498 bona,
954 432 1051 508 quae
1078 425 1221 507 accepta

116 634 123 641 .
260 545 408 643 reponit
437 546 477 616 in
501 543 630 617 loculis
654 546 752 633 suis,
778 548 863 619 usui
892 549 946 620 sic
965 550 1135 645 reposita
1155 570 1220 619 ser-

261 690 347 767 vat,
374 676 631 777 depromitque
651 678 753 753 illinc
778 702 847 753 suo
869 693 1053 779 tempore,
1080 695 1219 779 etque
1264 649 1267 710 ²

260 815 332 915 ties
362 835 457 909 opus
485 812 565 885 estl
590 886 595 897 ,
624 813 757 888 Nonne
785 828 842 889 est
872 817 959 890 talis
987 818 1096 892 velut
1124 816 1220 891 condi

261 950 386 1061 promi
415 951 497 1022 vice
526 950 672 1023 animae
700 963 849 1024 nostrae
874 952 1085 1025 memoria?
1145 950 1221 1025 sue

224 1192 228 1199 Ι
262 1084 493 1181 metrosus
523 1083 695 1174 discitur,
729 1098 767 1159 et
787 1086 978 1161 laboratur
1005 1091 1049 1161 in
1081 1110 1222 1181 cassum
1258 1098 1261 1105 '

265 1222 589 1317 Quemadmodum
628 1223 929 1319 diligentissimus
962 1227 1223 1325 paterfamilias

265 1386 341 1439 uon
361 1360 510 1455 augebit
535 1382 647 1458 opes,
671 1362 745 1433 nisi
767 1361 870 1436 domi
893 1376 1024 1459 pareat
1051 1378 1092 1437 et
1116 1376 1223 1435 custo

266 1498 346 1593 diat
377 1510 487 1597 parta
517 1499 827 1572 materfamiliae
858 1501 974 1593 lgitur
1004 1513 1147 1598 quanto
1175 1500 1224 1571 lir-

267 1635 376 1723 mior,
395 1646 533 1731 quanto
552 1636 714 1707 tenacior
730 1638 908 1706 memoria
926 1638 1119 1729 ingenium
1135 1658 1224 1733 prae-

269 1788 372 1851 stans
396 1776 609 1861 minitatum
648 1786 752 1845 tanto
781 1789 938 1872 possunt
960 1780 1224 1872 progressiones

270 1912 320 1987 ad
341 1935 524 1985 summam
545 1908 757 1983 doctrinam
781 1912 859 1983 lieri
883 1913 1056 1986 maiores.
1102 1914 1151 1985 Et
1171 1914 1225 1983 luit

272 2060 424 2138 natura,
451 2048 606 2143 quaein
629 2046 893 2119 distribuendis
915 2046 1069 2119 dotibus
1092 2047 1226 2143 reliquis

273 2196 351 2255 tam
378 2182 478 2273 larga
506 2180 578 2251 suit
609 2182 649 2251 in
671 2144 895 2269 Gesnerum,
927 2203 1049 2277 neque
1078 2182 1141 2256 lrio
1165 2204 1226 2255 tus·

272 2318 384 2411 ligna
435 2312 655 2387 Excellebat
677 2316 789 2408 igitur
811 2318 924 2389 etiam
945 2321 1144 2393 memoria.
1180 2318 1227 2392 rt

275 2452 342 2529 des
363 2454 466 2527 illius
494 2454 658 2526 accusari
680 2452 955 2550 quodammodo
980 2476 1096 2553 posse
1119 2454 1228 2531 video

277 2606 349 2669 tur.
399 2592 491 2665 llem
523 2590 714 2679 servabat3
755 2589 821 2663 sed
843 2591 1045 2666 verborum
1075 2608 1229 2669 eratne

278 2729 482 2826 gligentior.
532 2727 648 2822 Igitur
670 2730 703 2800 si
723 2727 938 2802 mundatum
962 2732 998 2803 ei
1029 2732 1168 2806 luisset
1190 2754 1231 2804 so·

280 2861 505 2949 eordotium,
530 2882 605 2932 non
630 2860 701 2933 hoe
729 2861 776 2934 ab
800 2862 866 2934 illa
893 2860 1092 2965 habiturus
1121 2866 1231 2949 fuerat,

282 2995 381 3093 quod
404 2996 592 3096 Spenerus
612 3010 653 3069 et
675 2998 740 3071 alii
762 2998 880 3071 lacere
902 3010 1091 3094 poterant,
1114 3015 1158 3074 ut
1170 3020 1234 3075 rer·

282 3128 557 3228 botenus.quae
583 3131 783 3230 inscripto
811 3144 951 3220 essent,
978 3132 1152 3208 dicerent
1179 3156 1235 3208 nte·

284 3270 448 3341 moriter.
500 3265 584 3359 Qua
616 3267 663 3340 de
691 3289 821 3342 caussa
838 3270 889 3341 in
918 3266 1236 3345 declamationilus

286 3406 399 3477 etiarn
426 3404 642 3479 lenensibus
670 3405 764 3493 illis,
795 3428 886 3502 quas
915 3405 1018 3494 dixi,
1047 3410 1105 3481 sie
1136 3433 1176 3483 se
1199 3412 1238 3481 in·

286 3545 425 3633 stituit,
451 3545 496 3641 †)
519 3557 561 3618 ut
581 3568 658 3619 rem
679 3543 773 3617 hene
794 3547 1006 3644 praevisam
1033 3568 1078 3621 ae
1102 3548 1239 3625 medita

330 3695 368 3772 †)
390 3698 459 3777 l‘sg.
483 3696 552 3761 124.
