2550 4590
494 238 777 314 -144-

18 442 29 453 ‘
149 410 272 508 tem*)
286 396 502 509 adpelleret,
523 430 619 507 quao
636 428 758 508 neque
778 411 895 484 autimi
907 432 1028 510 neque
1041 434 1125 487 eor-

147 555 253 655 pon's
268 549 418 626 dotibus
431 549 551 650 priori
563 544 651 642 erat,
662 549 829 641 iriserior,
850 553 1040 646 sanguinis
1056 550 1124 626 ari·

148 703 226 764 tem
236 685 433 760 nobilitate
447 707 530 757 eam
542 685 653 780 longo
664 684 848 760 vincebat
883 686 941 761 Ea
954 698 1036 760 erat
1051 683 1125 761 Coe

148 822 307 911 thurino,
320 818 402 892 Viri
415 818 653 916 Amplissimi
666 816 859 893 Ambrosii
868 820 1124 896 Piretzsohne·

124 963 193 1052 ¹ri,
215 956 372 1033 Consilii
397 953 582 1046 Caesarei,
613 955 715 1054 quod
738 969 827 1030 tune
854 958 995 1054 Pragae
1024 960 1123 1034 eirca

73 1128 76 1133 ·
146 1096 415 1193 Imperatorem
451 1100 550 1179 erat,
594 1087 826 1182 messoris,
867 1104 906 1165 et
936 1092 1122 1167 Eiectoris

148 1227 328 1304 Saxoniei
343 1224 570 1315 Comitiarii,
597 1237 636 1298 ot
660 1227 741 1299 eius
762 1228 917 1322 negotia
930 1226 1122 1326 'apudlm-

146 1375 358 1465 potatorem
381 1332 554 1454 curantis,
576 1360 670 1451 filia3
701 1373 912 1435 maternum
934 1362 1022 1437 huie
1039 1386 1123 1439 ma·

146 1510 278 1573 tronae
304 1506 384 1570 erat
405 1516 519 1590 genus
550 1515 601 1567 ex
621 1495 759 1569 illustri
778 1498 820 1570 in
840 1498 1038 1575 luliacerisi
1060 1508 1123 1575 ro-

145 1637 255 1732 gione
292 1630 568 1708 Nerhoviorum
604 1628 652 1705 eb
686 1631 964 1730 Holderbergh,
1023 1660 1126 1736 quae

128 1739 240 1844 'areis
254 1765 509 1841 nobilissimae
530 1776 588 1840 est
611 1787 760 1859 nomen,
786 1769 940 1844 faenilia
999 1771 1122 1847 Maio-

49 1960 52 1965 ·
145 1929 205 1981 res
228 1904 476 1993 antemius,
510 1922 595 1977 oum
615 1905 832 2002 purioribus
844 1963 847 1967 -
859 1910 974 1983 saeris
993 1923 1122 1985 essent

136 2048 294 2136 initiati,
330 2041 592 2117 abhorrendo
619 2043 688 2116 iilo
717 2056 756 2119 et
782 2049 1019 2142 sanguinario
1045 2050 1122 2124 Hi·
1166 2072 1171 2119 r

63 2270 68 2278 Ι
145 2199 348 2278 spanorum
381 2158 564 2255 ,tribunali
592 2176 703 2252 bonis
740 2182 865 2270 exuti,
918 2183 960 2256 in
995 2180 1120 2259 Boho-

144 2319 261 2392 mium
286 2325 551 2389 concesserant
600 2313 685 2389 Hae
705 2334 826 2389 uxore
845 2330 1051 2409 recreatus,
1079 2334 1120 2397 ot

143 2452 272 2551 paullo
291 2463 380 2551 post
395 2474 419 2525 a
438 2473 535 2548 vaga
553 2453 636 2528 vita
648 2450 700 2526 ad
714 2455 1009 2551 tranquilliorem
1030 2480 1118 2533 oon·

143 2588 324 2663 ditionem
340 2589 543 2679 traductus,
571 2601 610 2664 et
637 2588 684 2665 ub
704 2590 959 2666 illustrissimo
974 2593 1116 2669 Naum·

143 2726 381 2822 burgensium
416 2723 689 2802 Canonioorum
731 2729 887 2826 collegio
922 2729 1116 2807 aediiitate

144 2875 309 2953 ornatus,
324 2861 517 2960 Georgius,
547 2864 764 2939 felicissimo
795 2865 997 2944 liberorum
1025 2895 1115 2970 pro-

141 3012 257 3076 ventu
271 3003 550 3075 matrimonium
563 3022 674 3075 suurn
686 3005 811 3077 ornari
823 3003 986 3079 videbat.
1014 3005 1115 3097 Qua-

143 3148 201 3209 tor
222 3137 321 3209 enim
342 3147 381 3209 et
402 3135 525 3209 decies
544 3148 652 3235 pater
673 3137 811 3228 factus,
847 3161 986 3215 novem
1015 3143 1114 3219 filios

143 3285 182 3345 et
209 3273 370 3369 quinqua
402 3272 518 3362 filias,
562 3273 774 3372 exquibus
813 3286 939 3350 tamen
966 3291 1113 3376 septem
1151 3263 1154 3269 ⁵

143 3404 257 3478 inodo
279 3405 495 3504 parentibus
525 3410 744 3504 superstites
764 3410 908 3501 vixere,
940 3434 1113 3510 procrea·
1160 3446 1169 3459 ·

144 3541 210 3629 vit.
270 3539 463 3615 Maximus
494 3543 592 3615 inter
625 3542 723 3617 iiiios
760 3552 852 3620 naui
885 3558 966 3620 erat
1001 3548 1112 3623 Ioan-

146 3731 150 3737 ·
188 3695 218 3773 ¹')
239 3698 295 3766 Ed.
321 3699 435 3764 Febrio.
464 3703 600 3766 animem.
641 3700 701 3766 PR.
