2550 4590
508 308 559 324 ..
610 268 688 343 250
737 306 789 325 ..

165 440 269 513 omui
296 437 502 511 litterarum
532 416 784 523 institutione,
815 456 885 511 nee
913 434 1015 513 vidit
1039 435 1136 511 Aea·

162 572 335 649 demiam.
385 572 510 649 Nixus
538 584 663 648 autem
692 573 831 668 ingenii
862 570 1134 669 magnitudine,

160 732 208 785 eu
229 710 420 811 pervenit,
444 710 599 787 incitato
623 709 762 801 amelio,
786 723 830 784 ut
849 732 1006 785 munere
1027 710 1133 784 aelu-

109 942 116 957 μ
159 844 291 919 laalieu
325 846 509 945 primum,
549 843 686 920 deinde
720 868 812 921 veru
851 857 891 919 et
924 844 1129 921 aaeerdolia

108 1058 115 1073 ‚
159 1004 235 1058 uon
255 982 501 1083 probabiliter
519 982 635 1058 modu
655 985 885 1080 fungeretur,
911 985 981 1059 aed
1000 983 1124 1059 lauda

108 1158 114 1175 ·
157 1120 283 1197 biliter
312 1122 375 1197 vel
410 1120 586 1197 maxime.
645 1121 820 1196 Gesneria
850 1144 944 1199 veru
978 1135 1125 1222 patrem

159 1256 243 1331 eum
273 1277 387 1330 uulua
413 1254 587 1335 reddidit
647 1256 829 1356 Operam,
861 1279 1011 1347 ourani,
1042 1256 1123 1331 dili·

74 1418 77 1423 ·
156 1393 337 1491 gentiam,
362 1412 527 1467 uiuorum
551 1394 652 1481 eiua,
684 1376 861 1467 Matthias
891 1406 1023 1468 noster
1048 1414 1121 1467 uun

156 1539 306 1628 poterat
325 1528 415 1603 eatis
437 1525 600 1601 laudare.
651 1526 708 1601 Ne
730 1527 839 1625 plura
866 1527 1039 1617 alierum,
1063 1529 1116 1603 vi·

153 1662 269 1735 tricus
289 1660 480 1759 privignos
508 1658 629 1732 hieme
649 1658 742 1733 liora
760 1662 939 1758 septima,
964 1662 1117 1759 insuper

153 1794 200 1894 †)
220 1794 359 1869 habens
380 1793 558 1890 frigorum
579 1794 890 1889 magnitudinem,
916 1817 987 1893 per
1008 1796 1117 1868 inter·

153 1931 296 2008 vallum
323 1930 417 2005 bene
445 1930 594 2025 longum
615 1931 781 2029 quotidie
805 1932 1054 2007 minitabatur
1078 1934 1115 2006 iu

150 2060 335 2153 scholam,
374 2060 439 2136 ubi
473 2084 539 2135 eus
569 2085 653 2136 eum
683 2066 812 2163 pauci·
840 2066 924 2140 aliia
951 2064 1114 2161 linguam

151 2194 309 2269 (lauabat
332 2195 514 2271 [atillam.
565 2193 675 2285 Quod
706 2210 831 2271 tamen
858 2199 998 2272 fecerat
1029 2202 1113 2291 iam,

149 2348 235 2409 oum
256 2331 355 2428 paui
378 2329 459 2403 vita
479 2339 702 2429 suppeteret„
752 2333 853 2407 Hine
876 2332 1038 2407 uallium
1060 2348 1113 2409 eat

149 2462 337 2543 Geauerua
364 2463 404 2536 iu
429 2484 561 2541 manua
587 2460 739 2539 Kueleri
765 2466 885 2557 illius,
917 2471 982 2565 qui
1005 2482 1110 2543 naun

102 2676 107 2687 ,
146 2598 338 2695 laetusque
364 2596 414 2671 ad
435 2596 477 2673 id
497 2596 712 2689 videbatur,
746 2614 788 2673 ut
815 2604 1005 2697 ingenium
1038 2608 1108 2679 lur-

145 2747 266 2811 marat
298 2733 577 2807 Gesneriauum.
643 2736 733 2809 lecit
760 2736 821 2813 laic
855 2742 1110 2839 πολυμαθίας

145 2867 389 2945 fundamenta
421 2867 547 2967 ampla
575 2881 613 2940 et
639 2870 754 2943 linua.
813 2870 889 2946 Sed
918 2872 968 2948 de
1000 2876 1107 2951 liuius

146 3004 227 3075 vita
247 3024 332 3084 cum
354 3004 572 3101 exposuetit
591 3005 674 3102 ipae
698 3006 903 3097 Gamerae,
928 3013 1026 3086 mihi
1047 3014 1104 3087 aii

143 3137 242 3211 uude
272 3140 390 3213 otium
414 3138 553 3217 factum
581 3152 648 3214 eat.
697 3142 797 3239 Ergo
822 3167 1029 3244 persequar
1053 3176 1104 3225 re·

142 3274 254 3371 liqua.
313 3276 496 3352 Onoldiaa
539 3274 720 3355 Gallicam
755 3302 902 3379 quoque
940 3282 1104 3383 linguam

142 3406 255 3480 avide
282 3411 449 3507 arripuit
507 3405 673 3507 Cumque
699 3413 781 3509 ipae
809 3413 1104 3495 adulescentulus

141 3546 373 3641 peregrinum
402 3544 589 3621 hominem
616 3545 766 3624 doceret
793 3553 1004 3650 quondm,
1045 3582 1104 3635 ne·

182 3706 220 3791 i)
241 3710 310 3791 ag.
333 3711 402 3773 118.
