2550 4590
578 259 861 331 -210-

240 442 335 518 sent,
360 428 556 501 hominum
580 427 688 517 vitia,
714 439 757 500 nt
781 427 861 498 fieri
888 426 995 516 solet,
1020 425 1068 499 ad
1091 429 1218 525 ipsam

240 580 359 642 artem
385 563 555 638 traducta
583 577 688 654 sunt,
732 566 933 653 otentico,
959 564 1075 661 modo
1100 576 1219 638 teme-

238 706 361 779 ritatis
385 716 422 776 et
440 702 617 777 audaciae
636 715 768 792 mater,
792 701 907 775 modo
926 704 1121 798 nugatoria
1140 705 1239 798 syl-³

240 841 411 918 labarum
431 864 580 939 auceps,
606 839 680 914 dici
701 839 902 936 haberique
917 844 1051 938 coepit
1092 840 1219 931 Quam

239 979 443 1070 invidiam,
476 1002 553 1052 non
577 977 789 1052 rnirandurn
816 991 892 1068 est,
918 978 1097 1052 diutius
1084 1003 1127 1102 ιιι
1148 982 1220 1053 cri-

239 1121 326 1209 tica,
352 1140 464 1217 quam
488 1119 530 1190 in
556 1118 632 1193 ulla
657 1118 733 1193 alia
770 1116 1035 1215 †)drsc1plrno‚
1062 1120 1122 1191 cui
1147 1133 1220 1235 per

236 1257 401 1377 similem
420 1255 655 1353 iniquitatem
677 1242 783 1328 labes
800 1255 978 1354 adspersa
999 1268 1108 1345 esset,
1128 1254 1220 1357 liae-

237 1396 342 1469 sisse.
393 1392 543 1485 Etenim
570 1405 713 1467 ceterae
738 1406 848 1485 artes,
873 1373 1045 1489 magnam
1067 1407 1219 1513 portem

238 1532 459 1645 populares,
502 1544 540 1605 et
565 1533 753 1605 communi
784 1530 1051 1628 intelligentiae
1077 1520 1218 1631 paten-

238 1684 308 1763 tes,
333 1670 441 1745 facile
465 1650 673 1759 inveniunt,
700 1671 775 1767 qui,
801 1692 932 1742 caussa
958 1639 1201 1767 coglritaea

233 1794 420 1914 lumniam
441 1805 652 1907 depellant.
705 1805 861 1898 Critica,
898 1808 1025 1905 plenos
1060 1806 1218 1911 dilllcnl-

237 1960 315 2023 tate
341 1960 380 2021 et
403 1970 528 2020 rerum
554 1945 816 2021 discendarum
842 1947 951 2055 copia
976 1957 1015 2017 ct
1031 1924 1218 2055 varietate

239 2085 446 2172 deterrens,
484 2106 596 2180 quam
622 2067 869 2195 delectatione
895 2084 1020 2182 aliqua
1045 2084 1215 2159 alliciens

232 2222 288 2321 ad
308 2243 350 2323 se
372 2233 410 2295 et
426 2221 603 2311 invitans,
629 2243 770 2320 pancos
789 2222 1080 2320 omnitempore
1102 2221 1214 2339 disci-

231 2360 347 2460 pulos
391 2369 502 2431 nacta
545 2370 624 2465 est,
670 2380 847 2462 paucos
848 2356 981 2434 hebuit
1018 2373 1213 2471 patronos,

230 2498 302 2605 qni
342 2517 512 2577 caussam
552 2517 660 2571 suam
701 2510 987 2593 cognoscerent,
1033 2501 1212 2609 innocen-

231 2636 332 2749 tiens¹
363 2644 572 2725 tuerentur,
614 2633 849 2732 dignitatem.
865 2649 904 2723 et
933 2637 1090 2732 gloriam
1126 2640 1213 2742 vin-

229 2772 412 2864 dicarent.
1073 2840 1103 2879 1,.
1139 2738 1144 2747 ’
1204 2870 1208 2877 ¹

232 2970 240 2997 f
330 2906 526 3011 Cogitanti
549 2933 641 2988 vero
666 2913 779 3005 milri,
811 2937 906 3012 quae
931 2914 1082 2989 tandem
1100 2917 1211 3016 opti·

232 3069 297 3151 ιιιιι
321 3034 419 3123 esset
442 3052 548 3151 ratio.
566 3062 644 3125 tarn
668 3052 850 3151 praeclari
874 3052 991 3143 studii
1020 3075 1211 3159 comnrpp3

173 3244 176 3249 .
231 3183 630 3286 nannenten,
668 3213 743 3287 qua
760 3194 968 3289 premitur,
1007 3166 1209 3295 lineales,

231 3324 335 3397 nulla
359 3325 590 3400 commodior
616 3338 655 3402 et
679 3327 860 3403 efficacior
881 3333 1058 3422 occurrit,
1076 3353 1207 3429 *quam

231 3482 326 3559 quae
357 3464 514 3572 perfecti
553 3477 591 3538 et
630 3467 804 3544 omnbus
838 3470 1004 3557 muneris
1038 3467 1207 3577 absolmi
