2550 4590
737 132 850 177 x.

494 264 780 343 ..352-

153 437 321 515 nondum
344 436 522 533 alei-out:
554 438 722 535 nequitur
737 448 857 526 anns
875 460 953 536 quo
975 444 1121 515 nomine

151 578 229 655 iam
249 574 329 649 ,alio
352 586 464 670 quum
484 572 593 657 alato·
606 572 750 671 locusta
768 573 932 669 intelligi
952 556 1033 649 vin¹
1045 591 1121 676 pot·

151 720 220 783 eet„
271 706 412 780 Verum
433 706 474 779 id
493 718 614 779 totum
637 706 699 781 hie
718 706 993 797 omittendum3
1019 724 1119 809 atque

125 862 128 873 ·
151 840 202 917 od
222 840 317 915 iliud
338 839 587 945 redeundum,
613 839 714 914 undo
736 841 897 936 digressi
921 860 1062 917 eunius.

149 1038 152 1043 .
229 974 369 1051 Breveu
389 974 592 1055 enimueiu
615 975 696 1049 vite
716 974 875 1053 Gesueti
908 976 1117 1067 enarranda,

14 1146 17 1151 ·
88 1134 91 1141 ·
148 1128 236 1197 uum
264 1112 367 1211 quod
391 1114 512 1187 nimiu.
532 1110 701 1185 modicus
723 1132 879 1195 suatum
912 1136 1038 1187 rerum
1062 1138 1116 1187 ae-

151 1249 324 1322 stimator
351 1268 448 1343 pene
476 1245 571 1323 nihil
605 1242 655 1319 de
680 1268 721 1319 ee
747 1248 1115 1345 seriptum-reliquit,

148 1380 348 1481 ,quodum
368 1379 568 1455 adiuvate.
584 1382 857 1478 possim-..tum
877 1380 983 1481 quod
1004 1382 1115 1459 iusto.-

48 1502 57 1513 ’
148 1517 373 1599 rumenam
400 1514 603 1597 texendam
630 1516 792 1610 collegae
813 1529 969 1607 nostro,
994 1539 1061 1590 suo
1084 1528 1116 1589 ot

149 1652 326 1741 familiari
347 1664 385 1727 et
401 1650 846 1748 cognomflammrgoro
869 1652 1114 1731 demandavit.

149 1788 237 1865 Non
257 1810 343 1883 ergo
366 1800 463 1878 tam,
489 1787 578 1887 quid
602 1792 639 1863 ei
661 1789 860 1881 acciderit,
888 1792 959 1867 sed
988 1796 1116 1892 potius,

150 1925 271 2024 qualis
292 1925 422 2015 fuerit,
447 1923 625 2017 dicemus,
650 1930 785 2025 inquo
806 1932 957 2005 iuniore
978 1944 1116 2005 utemur

148 2060 320 2137 libertate
340 2073 379 2135 et
398 2063 576 2153 venitote,
600 2061 703 2161 quod
731 2065 875 2162 etipse
903 2069 947 2139 in
967 2066 1041 2141 hoe
1066 2070 1116 2167 pi-

148 2211 335 2311 otmarum
355 2222 507 2295 genere,
527 2202 573 2273 -in
592 2221 666 2297 quo
687 2200 822 2281 lumen·
840 2202 985 2283 uineta
1011 2207 1116 2279 enitet

146 2337 265 2431 magio
282 2333 637 2433 atquenobilitamr,
654 2356 798 2415 naevos
819 2342 940 2419 etiam
959 2342 1115 2425 indicare

142 2472 310 2563 ,solemn
341 2471 516 2570 idemque
536 2473 623 2547 huie
643 2496 696 2547 ex·
713 2475 887 2570 oodegm,
912 2502 991 2577 quo
1009 2483 1114 2553 imer-

145 2618 253 2705 prete
274 2607 384 2679 sunus
406 2629 514 2678 suum
539 2606 654 2680 indici
684 2608 730 2681 ab
753 2608 969 2686 Academia
992 2615 1113 2693 voluit

147 2742 333 2814 exstmcto
357 2735 570 2837 professore
596 2741 849 2837 eloquentiae,
876 2760 1016 2820 nostro
1045 2760 1110 2820 tan·

146 2896 258 2970 quam
281 2872 345 2945 ore
369 2896 412 2946 ae
431 2896 527 2947 voce
550 2874 762 2965 eommuni‚'
780 2882 955 2954 moriens
983 2897 1024 2956 et
1042 2905 1109 2980 per·

145 3008 250 3083 misit
270 3020 309 3083 et
329 3011 427 3083 ultro
452 3015 660 3112 praecoepit,
686 3026 728 3085 ut
748 3012 910 3089 candide
940 3034 989 3092 ae
1010 3020 1108 3093 libere

144 3154 367 3226 sententiam
404 3150 559 3244 diceret,
598 3175 647 3226 ue
675 3151 922 3230 dissimulatis
959 3157 1108 3257 quidem,

144 3289 179 3359 ei
208 3310 282 3385 qua
309 3286 613 3386 reprehendenda
640 3286 868 3363 viderentur.
934 3290 1110 3367 Laudabi-

145 3446 246 3515 mus‚
273 3426 412 3525 siquis
442 3427 535 3499 alius
557 3449 611 3499 -ea
632 3430 815 3502 moriatur
843 3432 907 3503 oui
932 3438 1108 3509 eonscien-

146 3564 218 3651 tia‚
243 3572 287 3637 ut
308 3558 595 3662 similiapetere
618 3588 647 3637 a
662 3564 812 3661 collega,
838 3587 890 3641 ue
913 3572 1021 3647 vivis
1037 3572 1107 3671 qui

147 3697 234 3771 dem
260 3697 403 3774 adulari
427 3700 559 3799 solito,
585 3700 731 3775 audeat.
