2550 4590
366 197 768 347 s--sso-

145 413 409 503 consiliarium,
435 435 487 488 ex
508 414 612 487 euim
634 413 817 488 sententia
833 421 870 484 et
884 410 1040 485 oonsilio
1053 432 1117 484 res

35 550 41 559 '
143 544 385 637 Academicas
408 572 644 649 componere,
670 550 828 646 gloriam
846 548 1058 622 studiorum
1078 558 1118 621 et

145 685 363 782 dignitatem
386 690 484 762 tueri
503 687 732 784 gaudebatis,
759 688 948 763 amisistis.
997 685 1120 780 Luget

145 823 217 897 hoo
238 826 445 923 sapientiae
464 827 664 925 templum,
699 837 737 899 et
758 826 798 898 hi
819 822 930 899 atrati
954 825 1120 923 parietes
1154 901 1162 908 ,

59 1039 62 1045 ,
115 963 297 1059 'animm
325 985 436 1037 suum
463 961 575 1039 deeus
603 974 642 1035 et
671 963 859 1051 columen,
895 982 1013 1058 aquo
1030 960 1121 1063 pius
1172 1014 1178 1027 .

146 1095 239 1170 lucis
261 1109 299 1171 et
321 1097 444 1173 famae
463 1096 739 1192 sibiadlatum,
765 1118 877 1196 quam
898 1094 945 1169 ab
971 1096 1120 1180 inliuito

136 1233 327 1341 ¹aliorum,
363 1237 478 1311 etiam
507 1233 808 1309 doenssnnorum
837 1234 1018 1323 virorum,
1050 1253 1122 1304 uu-

148 1392 265 1461 moro,
293 1373 375 1444 sine
395 1373 552 1446 alieuius
578 1371 735 1462 invidia,
768 1372 917 1447 fatetur.
967 1370 1123 1464 Lugetis

12 1526 18 1607 j
148 1532 230 1600 vos,
251 1509 466 1599 Academici
487 1513 628 1603 Patres,
649 1531 727 1585 nou
738 1511 916 1605 collegam
930 1507 1046 1583 modo
1064 1508 1124 1582 fa·

151 1644 331 1719 eillimum
353 1659 394 1721 et
411 1649 688 1740 suavissimum,
710 1644 778 1720 sed
796 1646 949 1721 fratrem
970 1665 1124 1723 eoncor-

151 1778 366 1873 dissimum,
394 1787 457 1882 qui
484 1785 567 1858 sine
588 1784 669 1859 ulla
691 1782 837 1872 livoris,
866 1794 931 1854 aut
958 1781 1125 1856 vitiosae

150 1918 410 1996 aemulationis
423 1965 428 1969 -
443 1920 676 2021 suspicione,
715 1938 882 2001 amorem
916 1917 958 1992 in
993 1935 1127 1989 omnes

150 2056 355 2152 aequaliter
390 2055 647 2155 dispensabat:
687 2038 757 2151 ego
782 2074 886 2143 vero,
909 2073 986 2125 non
1011 2050 1178 2153 musas

22 2280 26 2287 Ι
150 2211 242 2282 gam.
256 2203 295 2262 et
314 2191 480 2282 fratrem,
508 2191 576 2264 sed
598 2201 791 2290 parentam
813 2191 1127 2275 carissimunr,2et

150 2318 374 2409 fidissimum
403 2323 614 2400 studiorum
642 2345 813 2399 meorum
836 2323 988 2412 ducem,
1018 2318 1157 2393 eslius

152 2459 328 2556 auspiciis
349 2472 388 2535 et
402 2460 516 2536 ductu
531 2460 627 2536 hane
643 2463 914 2558 gravissimam,
937 2480 1048 2556 quam
1063 2479 1128 2565 su-

152 2594 296 2686 stirieo,
324 2600 560 2695 provinciam
579 2599 747 2697 suscepi,
779 2599 821 2681 iu
841 2596 944 2667 cuius
967 2593 1127 2665 consilio

152 2743 191 2804 et
204 2745 352 2808 matma
363 2736 564 2833 prudentia
578 2737 765 2811 tutissime
776 2732 1028 2809 adolescentia
1041 2754 1129 2805 mea

152 2866 416 2963 requiescebat.
444 2963 447 2967 ,
468 2869 546 2944 Vos
567 2869 746 2969 denique,
767 2869 1027 2963 ossiuseumque
1053 2864 1131 2937 loci

42 3005 45 3011 ’
154 3016 220 3095 aut
235 3004 376 3079 ordinis
397 3005 600 3082 Auditores
621 3010 715 3108 (non
732 3006 832 3078 enim
848 3004 1033 3077 Graesius
1048 3002 1129 3089 ullo

121 3224 124 3229 ,
155 3136 367 3216 diecrirnine
391 3158 613 3240 quemquam
628 3153 795 3218 vestrum
808 3138 954 3237 habuit)
969 3106 1145 3236 ploratis·

154 3281 328 3370 amicum,
344 3279 516 3365 omnibus
530 3303 648 3380 aeque
661 3299 895 3354 communem
908 3285 946 3347 et
960 3272 1131 3362 obvium,

157 3440 240 3492 eum
251 3432 624 3518 qrsonemovestrum
633 3412 922 3514 uuas'mnquam
941 3415 1048 3487 rixas
1065 3421 1134 3503 aut

156 3555 365 3631 simultates
379 3558 560 3648 exercuit,
583 3578 668 3631 eum
682 3576 757 3653 quo
771 3575 882 3627 nemo
898 3571 1077 3648 umquam
1084 3549 1135 3656 ‘in

161 3693 317 3786 gratiam
343 3689 467 3772 rediit
525 3690 617 3809 Sed
629 3692 832 3793 praecipue
852 3699 997 3777 vestra,
1025 3683 1132 3760 Ado-
