2550 4590
493 264 771 339 -208υ-

154 437 222 526 bo,
254 436 294 508 in
322 433 524 509 Germania
553 430 645 533 quid
669 433 744 507 liat.
802 429 887 507 Una
915 431 1126 533 eademque

152 567 282 671 planta
306 591 418 666 quam
452 570 558 645 varie
593 568 815 667 usurpaturl
866 568 1001 644 Nonne
1032 586 1125 670 quot

152 722 240 785 suut
264 708 500 807 prouinciae,
528 718 640 801 atquc
669 703 765 779 adeo
789 718 881 805 quot
906 720 997 781 sunt
1024 711 1125 807 pagi,

153 862 210 923 tet
236 844 424 920 interdmn
456 843 623 918 eiusdem
650 845 800 943 plantae
827 857 915 919 sunt
954 848 1125 945 appella-

155 984 299 1061 tioncsl
324 982 411 1059 Non
431 992 581 1080 poterat
601 985 848 1081 opportunius
867 985 963 1057 milri
986 986 1124 1074 allerrl,

155 1144 268 1221 mam
295 1142 392 1193 nime
411 1120 557 1215 lpsrun,
591 1116 639 1189 de
668 1116 788 1191 baccis
814 1119 1000 1215 iuniperi,
1027 1144 1122 1217 quae

115 1324 119 1331 .
156 1254 251 1329 alias
286 1253 401 1325 etiarn
444 1272 558 1345 grana
593 1249 788 1323 turdoriun
824 1248 1003 1339 audiunt,
1041 1252 1121 1326 Ex·

154 1384 420 1487 patientissimi
457 1382 661 1482 Trampelii
701 1382 1020 1481 disputatiuncula
1048 1395 1119 1479 ¹¹³),

154 1546 249 1623 quae
280 1520 380 1595 dicta
402 1517 518 1596 modo
540 1541 564 1592 a
586 1541 647 1592 me
674 1519 850 1617 exemplo
870 1520 998 1593 mmet
1019 1520 1119 1595 lucu·

152 1634 267 1737 lento.
316 1659 359 1733 Sl
379 1659 420 1733 in
442 1658 565 1755 patria
585 1654 1118 1755 nostradlfficultatibuscon·

11 1792 14 1797 ’
154 1796 335 1870 llictamur
364 1804 421 1865 tot
449 1790 494 1889 †)
524 1814 568 1865 ac
597 1790 752 1882 talibus,
785 1764 876 1888 quid
903 1790 1058 1867 demum
1079 1796 1117 1867 in

155 1931 264 2008 terris
282 1930 346 2001 liet
368 1922 594 2025 peregrinisl
624 1924 707 1999 n'isi
728 1923 826 1997 forte
843 1937 1042 2022 putamus,
1066 1926 1116 2001 ibi

156 2076 256 2138 totas
282 2074 407 2157 gentes
437 2082 481 2133 ac
509 2060 676 2153 regiones
705 2079 779 2130 uno
803 2080 866 2129 ore
889 2063 1116 2135 corrsensisse

64 2294 67 2301 Ι
158 2196 207 2271 dc
249 2192 482 2281 nominibus,
528 2193 667 2291 plantis
710 2193 882 2289 singulis,
924 2194 1114 2269 faciundis

155 2332 271 2408 Porro
300 2338 390 2427 quot
417 2338 505 2421 sunt
530 2326 681 2424 plantae
704 2330 814 2421 unius
834 2332 998 2425 regionis
1019 2334 1115 2407 inco·

154 2466 235 2558 lae,
260 2484 425 2562 quaeque
454 2457 591 2563 idcirco
612 2463 654 2535 in
676 2461 876 2559 Germania
893 2486 1035 2539 nomen
1055 2490 1115 2565 pc·

156 2603 293 2679 crdiare
324 2621 401 2673 non
435 2601 587 2673 sortitae
620 2598 718 2673 sinti
750 2598 847 2673 Tum
879 2624 971 2675 vero
1006 2604 1113 2675 nimis
1156 2584 1159 2597 ¹

158 2761 271 2837 saepe
300 2732 529 2807 desideratur
549 2734 738 2831 diligentia
761 2757 804 2808 ac
826 2734 918 2809 fides
937 2704 1113 2810 veterum.

11 2956 14 2965 Ι
157 2866 231 2959 Qun
260 2865 307 2940 dc
335 2891 377 2939 rc
404 2868 540 2939 rustica
568 2868 820 2965 Rornanorum
837 2881 1139 2967 praeceperunt,¹

155 3005 373 3105 plerumque
400 3006 490 3079 satis
519 3004 680 3095 habent,
721 3026 805 3079 cunr
834 3004 991 3103 reliquis
1030 3008 1113 3080 scri-

157 3138 326 3241 ptoribus
354 3140 567 3237 plantarum
588 3141 756 3237 posuisse
777 3143 961 3231 momina,
988 3154 1115 3241 utpote

157 3298 252 3375 quac
271 3278 412 3379 nemini
439 3277 584 3371 cognita
602 3298 678 3349 non
705 3292 836 3352 essent
885 3280 1003 3373 Igitur
1024 3303 1116 3379 quae

157 3406 249 3481 disci
270 3422 426 3507 possunt
454 3410 632 3498 curatius,
664 3411 767 3483 solus
799 3412 877 3483 sere
907 3410 1018 3485 docet
1046 3413 1116 3485 Pli-

200 3608 248 3689 θ’)
270 3612 403 3673 Hannor.
424 3612 559 3695 allegarint
579 3610 631 3677 62·
653 3612 698 3675 St·
720 3611 813 3679 1708·
832 3634 900 3698 pag·
922 3612 997 3677 990·

200 3712 238 3787 †)
258 3710 327 3791 Peg.
348 3710 400 3773 88.
