2550 4590
540 304 592 316 ...
643 262 694 335 55
745 300 795 312 -

189 447 268 510 utun
297 437 339 514 in
368 433 581 533 auctoribus
615 412 882 506 constituendis
911 439 951 502 ct
975 431 1158 527 interpre-

32 604 36 617 ·
95 621 97 625 -
161 553 311 644 'undis
345 565 532 641 tribuebat
566 566 719 638 lectioni
747 564 939 661 scriptoris
980 564 1160 660 mirusque

86 781 88 785 ,
188 693 364 780 adduae
395 716 434 778 et
460 725 536 785 uno
565 714 694 776 tenore
730 701 927 797 aliquoties
965 703 1160 798 repetitae,

60 896 79 931 4
189 862 258 946 por
286 863 399 940 quam
427 843 547 941 ipsius
575 841 767 938 scriptoris
797 838 987 933 ingenium
1014 840 1160 936 pmpi.

189 990 334 1055 corcurr
359 1000 404 1052 ae
431 974 803 1077 properindueretur.
860 974 1063 1073 Herosque
1091 975 1162 1048 luc

122 1162 125 1171 -
189 1115 357 1187 maxime
386 1110 434 1185 de
463 1134 573 1186 cerna
598 1133 713 1209 saepe
740 1131 874 1183 verum
903 1131 981 1183 non
1006 1107 1161 1199 vidisse,

189 1247 313 1320 aliena
333 1247 381 1320 ab
403 1260 527 1320 marte
549 1235 772 1346 scriptorum
798 1242 1017 1332 tradidisse,
1042 1256 1083 1318 et
1104 1268 1163 1317 ro-

190 1385 394 1483 pugnantia
414 1385 625 1482 scripsisse,
645 1381 692 1477 †)
707 1379 809 1478 quod
828 1381 942 1454 taieru
963 1380 1160 1473 lectionem

189 1515 457 1610 neglexissent:
484 1514 531 1589 de
547 1527 621 1616 quo
639 1515 920 1611 inscriptorum
937 1515 1160 1589 rusticorum

63 1690 67 1700 ·
189 1643 423 1745 praefen'one
442 1663 612 1723 accurate
632 1649 807 1747 scripsit·
833 1647 962 1744 lteque
984 1669 1062 1721 non
1074 1667 1160 1746 pro·

91 1846 94 1851 .
184 1780 306 1894 nabet
326 1788 578 1879 cuncmfiones
599 1784 787 1859 editorum
805 1785 960 1874 nimiss3
985 1777 1056 1883 per
1070 1806 1161 1882 quas

192 1918 421 1998 oblivionem
457 1925 587 1998 venire
617 1935 832 2011 eteorum,
868 1942 963 2020 queo
990 1917 1163 2020 scriptor,

192 2067 232 2129 ot
252 2080 347 2155 quae
367 2061 550 2156 interpres
573 2068 660 2131 ante
683 2055 853 2132 diuise
912 2057 958 2133 ln
981 2058 1163 2155 intorpre-

50 2294 53 2301 .
116 2239 118 2243 .
193 2191 308 2265 tendo
342 2206 381 2267 et
414 2180 639 2268 illustrando
675 2192 896 2269 breritutem
931 2191 1164 2297 sequebatur,

193 2325 260 2400 sed
290 2351 384 2426 quae
421 2330 514 2403 nihil
546 2327 751 2404 desiderari
776 2341 977 2428 pateretur.
1036 2332 1168 2431 ltaque

95 2533 99 2540 .
194 2482 271 2535 non
300 2461 480 2539 obruebat
511 2467 666 2541 lectores
695 2468 815 2556 notis,
852 2465 921 2540 sed
949 2465 1168 2543 adiuvabat

86 2612 92 2627 ·
195 2592 271 2671 Noc
287 2599 403 2673 verba
421 2599 536 2673 modo
558 2600 721 2692 curabat,
744 2600 811 2674 sed
827 2602 887 2676 vei
906 2603 1083 2699 inprimis
1096 2624 1169 2675 res.

195 2732 426 2832 Scriptorum
451 2738 679 2813 Graecorum
700 2738 795 2812 bene
817 2752 856 2813 et
876 2740 1062 2834 eleganter
1084 2763 1171 2816 ver·

54 2867 58 2881 ’
120 2978 122 2981 Ι
197 2867 393 2944 tendorum
427 2874 571 2948 nullum
605 2874 709 2948 aliud
748 2876 913 2974 pulcrius
948 2876 1173 2974 exemplum

144 3036 148 3043 ·
197 3019 322 3097 extat,
343 3023 386 3082 ut
410 3015 562 3109 opinor,
592 3036 703 3110 quam
732 3013 887 3087 Luciani
908 3016 1173 3113 interpretatio

39 3210 43 3218 .
83 3218 86 3227 ,
142 3126 149 3151 “
197 3139 348 3232 uuna,
377 3166 487 3240 quam
508 3147 555 3222 ab
577 3147 878 3238 Hemsterhusio,
900 3152 983 3222 viro
1006 3171 1172 3237 summo,

199 3273 407 3375 depositam
441 3283 524 3380 ipse
551 3295 781 3381 susceperat:
826 3282 920 3357 adeo
950 3306 1063 3382 pura,
1093 3285 1173 3359 ele·

102 3501 106 3507 ῖ
199 3431 289 3503 gana
312 3424 349 3484 et
369 3412 512 3488 formae
532 3415 738 3490 Lucianeee
764 3420 925 3490 retinens
954 3430 1029 3508 est,
1060 3420 1173 3497 salva

200 3544 409 3621 Latinitate.
467 3552 510 3624 ln
533 3574 578 3624 eo
603 3564 728 3629 autern
748 3557 928 3667 scriptore
948 3558 1063 3631 etism
1086 3557 1171 3647 nse,

243 3693 281 3778 ³5)
302 3702 372 3785 Peg.
392 3701 466 3766 490.
