2550 4590
514 260 771 331 „13-

154 434 348 523 moeret,
368 434 503 507 omnia·
519 450 602 505 cum
622 429 832 529 pulvismlo
847 428 892 529 †)
917 436 1127 527 excuteret';

153 588 242 643 erun
262 590 351 667 egp,
377 564 564 639 tarditatis
590 566 691 639 illius
718 566 937 663 impatiens,
958 570 1014 643 ita
1039 570 1127 645 eum

150 724 436 803 praecurrerem
463 704 503 773 in
529 713 639 773 textu
664 698 807 773 Graeco
827 700 1003 797 legendo,
1023 708 1127 781 utin

150 850 329 913 extremo
369 835 465 909 libro
500 832 750 923 deducerem,
783 855 868 907 cum
902 836 968 909 ille
1006 836 1128 915 adhuc

148 972 351 1047 moliretur
387 974 427 1043 in
457 971 590 1069 primo.
650 966 762 1042 Cum·
778 968 891 1065 igitur
925 971 1127 1069 aliquando

148 1130 217 1181 rae
234 1084 410 1181 'sidisset
441 1104 617 1176 attentius
647 1100 814 1176 defixum
841 1105 882 1177 in
909 1104 1007 1179 libro
1038 1130 1126 1201 meo

147 1239 330 1337 legendo,
358 1262 425 1313 nec
462 1236 666 1327 dubitaret,
703 1240 792 1335 quin
824 1238 929 1312 aliud
953 1218 1126 1337 legerem,
1234 1312 1240 1321 .

148 1402 269 1479 quam
304 1378 406 1477 quod
445 1381 528 1475 ipse
564 1378 788 1475 explicaret,
825 1394 997 1479 repente,
1035 1382 1127 1459 dum
1228 1390 1232 1401 '

148 1518 253 1591 alius
269 1519 421 1607 recitat,
445 1513 545 1612 quod
574 1516 750 1603 iusserat,
779 1514 971 1593 descendit
993 1518 1043 1595 dc
1065 1546 1126 1597 oo·
1218 1506 1223 1515 ¹

147 1651 303 1742 thedra,
334 1663 371 1724 et
407 1674 469 1723 me
507 1672 752 1749 oppressurus
793 1673 974 1752 suspenso
991 1655 1126 1765 'gradu

148 1788 303 1889 adrepit
329 1791 432 1863 milri.
485 1787 592 1861 lubet
626 1812 687 1861 me
714 1813 873 1889 pergere.
894 1797 934 1869 in
964 1795 1125 1871 lectione

147 1926 203 2003 ab
231 1928 307 2001 alio
333 1937 475 2024 coepta
526 1924 606 2019 Ego
635 1929 744 2022 coepi
775 1951 951 2024 quaerere
981 1932 1125 2009 locum:

148 2061 203 2135 ab
231 2062 375 2149 vicino,
403 2061 489 2156 ipso
526 2060 775 2155 inspectante,
814 2075 943 2159 petere
974 2058 1123 2143 librum.

149 2200 251 2275 Tum
276 2202 360 2289 ille,
389 2198 494 2274 velut
520 2221 582 2271 me
602 2199 644 2271 in
673 2199 870 2273 manifesto
899 2202 1036 2279 delicto
1057 2204 1122 2281 de-

148 2336 425 2437 prehendisset,
459 2356 630 2409 aceusare
657 2335 851 2411 fastiditam
884 2362 1020 2417 meum.
1071 2343 1124 2419 Et

148 2498 285 2577 parum
324 2475 452 2549 aberat
503 2528 513 2545 .
564 2527 574 2546 .
628 2528 636 2545 .
687 2475 768 2569 Ego
807 2490 950 2567 autem,
995 2483 1121 2557 atrimo

147 2626 296 2703 stunto,
324 2614 362 2685 ei
395 2608 714 2697 demonstrabam,
740 2610 1000 2690 Herodianum
1028 2642 1122 2711 esse,

150 2770 265 2846 quern
299 2748 478 2841 legerem,
507 2744 787 2819 adfirmantibus
820 2750 933 2823 etiam
968 2754 1120 2829 vicinis:

150 2894 196 2955 et
223 2904 284 2955 res
313 2884 394 2979 ipsa
421 2879 534 2951 iidem
562 2876 739 2969 faciebat,
764 2902 847 2955 eum
876 2885 1000 2959 nullus
1026 2890 1121 2963 alius

149 3022 246 3095 liber
282 3022 321 3093 in
359 3018 530 3092 manibus
567 3029 681 3091 esset:
707 3018 799 3091 mihi
834 3022 946 3097 nimis
979 3025 1121 3103 lentrun

142 3158 338 3254 negotium
353 3178 452 3229 esse:
474 3156 600 3252 itaque
621 3178 877 3251 praegressum
899 3183 981 3234 esse
999 3164 1122 3260 legeu-

121 3388 127 3403 ·
150 3294 221 3383 do,
242 3307 282 3366 et
308 3316 393 3366 cum
418 3292 584 3364 maxime
608 3293 749 3363 versari
770 3294 810 3365 in
836 3294 979 3369 ultimo.
1030 3300 1120 3375 Pro-

152 3429 319 3505 ferebam
349 3431 463 3501 etiam
489 3426 691 3516 chartulas,
714 3429 754 3499 in
782 3429 915 3525 quibus
936 3436 1119 3530 quaedam

148 3580 331 3664 excerpta
366 3590 388 3636 e
425 3563 528 3637 libris
564 3564 718 3658 singulis
749 3567 979 3666 scripseram.
1037 3573 1120 3648 Hac

188 3722 229 3803 †)
252 3726 323 3803 Peg.
342 3719 417 3784 470.
