2550 4590
588 250 874 329 *282-

239 421 352 511 tibus,
378 418 513 518 quibus
533 414 748 493 adulatores
770 431 808 493 et
824 420 928 494 lucro
946 425 1077 517 inagis,
1103 444 1220 520 qutun

235 560 426 635 honestati
450 558 670 647 servientes,
695 558 950 633 emolumenta
971 574 1219 659 aucupantur,

234 720 307 773 nae
327 682 539 798 potuissem
564 694 803 795 splendidam
823 697 874 773 ad
895 699 1085 773 fortunam
1110 700 1220 781 eniti,

233 836 336 913 Anni
363 842 477 916 1746.
513 858 642 911 memo
665 834 771 911 Maio
805 837 1003 913 consilium
1037 839 1120 937 cepi
1146 860 1219 937 pa·

204 1058 207 1065 ,
233 976 346 1050 triam
371 972 577 1075 repetendi
614 972 700 1067 Quo
725 986 897 1078 tempore
911 975 1108 1059 clarissimi
1124 998 1219 1075 pro-

155 1118 158 1123 '
232 1111 617 1189 fessofesmedicinae
630 1112 1007 1193 Leidanivoluntatis
1022 1137 1219 1210 suaeerga

229 1274 292 1327 me
304 1251 572 1351 amplissimae,
585 1250 873 1351 diligentiaeque
884 1256 924 1328 in
937 1267 1017 1327 arte
1033 1252 1219 1338 discenda

228 1412 255 1465 a
278 1412 340 1464 me
364 1392 525 1488 positae,
547 1390 861 1489 perhonorificum
884 1404 922 1464 et
948 1364 1113 1489 locuples
1139 1392 1217 1469 noc

227 1529 323 1603 mihi
353 1528 623 1627 perhibuerunt
654 1530 931 1620 testimonium,
972 1542 1017 1603 ut
1048 1530 1216 1605 honores

228 1668 269 1743 in
293 1690 365 1743 sua
388 1668 567 1743 facultate
587 1689 755 1743 smarnos
779 1668 877 1743 ultro
897 1668 993 1743 milri
1009 1666 1214 1759 deferrent,

228 1819 267 1881 et
291 1806 446 1881 abeunti
470 1806 591 1883 veluti
616 1808 796 1882 viaticum
821 1805 1014 1883 adderent.
1076 1808 1214 1905 ltaque

225 1946 338 2021 retuli
356 1945 477 2020 Leida
499 1958 785 2046 praeceptorum
808 1948 899 2019 artis
924 1944 1094 2021 medicae
1111 1968 1211 2019 non·

224 2085 368 2159 nnllam
395 2086 609 2175 seientiam,
649 2084 719 2159 sed
754 2106 837 2157 eam
870 2106 943 2161 usu
977 2082 1209 2159 destitutam.

224 2220 347 2315 Quem
371 2244 484 2297 ursum
509 2245 625 2323 quum
660 2224 838 2297 scientiae
871 2222 1073 2318 adiungere
1096 2225 1204 2297 insti·

223 2372 380 2450 tuorem,
407 2360 455 2433 ab
480 2362 654 2435 instituto
680 2384 743 2435 me
768 2363 927 2450 avertit,
959 2372 998 2435 et
1022 2359 1073 2433 ad
1097 2360 1209 2437 aliud

90 2502 94 2511 '
222 2501 326 2575 vitae
350 2520 467 2595 genus
491 2496 662 2591 detorsit,
687 2522 771 2575 eum
795 2478 973 2576 volunt'as
995 2522 1094 2590 mea,
1117 2512 1207 2577 tum

222 2658 331 2711 casus
356 2636 503 2739 aliquis.
554 2637 652 2713 Nam
678 2661 795 2739 quum
825 2640 968 2714 invitus
993 2626 1095 2737 ipse,
1131 2634 1205 2711 sed

128 2824 131 2829 -
219 2778 352 2850 matris
382 2778 663 2882 amicorumque
702 2777 1013 2853 obtestationibus
1046 2776 1204 2867 fractus,

218 2913 292 2988 lruc
316 2913 577 3007 concederem,
616 2916 689 2991 hoc
712 2928 788 3006 est,
823 2919 865 2991 in
891 2939 937 2989 ea
961 2914 1055 2991 urbe
1078 2915 1205 2989 fortu-

218 3074 353 3127 narum
377 3077 548 3131 mearum
573 3054 704 3130 sedem
723 3034 861 3129 certam
880 3076 1074 3153 ponerem,
1100 3076 1203 3152 quae

217 3202 263 3267 ut
287 3193 446 3268 alianm
471 3197 630 3286 artium,
659 3196 717 3269 ita
739 3192 909 3269 medicae
942 3216 1090 3291 quoque
1115 3214 1202 3268 ma-

216 3332 342 3427 gistris
374 3331 542 3407 abundat
572 3333 839 3422 dexterrimis3
890 3333 1031 3405 laetum
1069 3354 1122 3405 ex
1148 3356 1201 3407 eo

214 3470 306 3560 fuit,
332 3483 375 3543 nt
399 3471 515 3546 homo
540 3471 588 3546 ab
614 3474 864 3546 ostentatione
887 3474 984 3561 mei,
1017 3471 1201 3569 vulgique·

215 3608 422 3683 ambitione
437 3611 595 3703 alienus,
611 3633 747 3711 neque,
770 3634 882 3710 quem
901 3612 1091 3699 iactarem,
1111 3632 1198 3689 mae

216 3770 329 3843 gnum
354 3748 496 3827 mbos
520 3753 615 3829 artis
637 3748 807 3828 medicae
831 3772 953 3841 muni,
978 3750 1104 3827 sonan
1123 3751 1199 3866 lra3
