2550 4590
482 226 792 359 ··-258--¹
935 274 994 299 ''

145 458 373 556 aliquantum
394 477 507 551 supra
526 467 688 527 ceumm:
711 453 774 528 ubi
792 456 860 527 ille
879 457 970 529 nihil
993 456 1106 546 aliud,

103 642 106 651 -
149 613 260 691 quum
285 591 442 688 perlegit
467 589 514 661 ab
539 590 667 678 initio,
694 602 826 687 posteo
850 613 942 663 vero
967 614 1015 664 ue
1033 590 1110 665 -lroe

147 724 308 823 quidem.
368 722 530 796 Tantum
562 724 596 794 is
630 722 814 795 tribuebat
850 721 948 796 huie.
969 726 1108 799 iuveni.
1150 693 1153 701 Ι

145 854 385 954 Aliquamdiu
410 857 525 928 etium
549 853 716 953 quotidie
739 853 982 946 declamavit,
1008 856 1053 955 †)
1066 868 1111 931 ut

145 990 297 1063 assidua
313 987 554 1062 meditatione
579 984 729 1061 (leretur
744 988 901 1061 forulus
922 988 1016 1063 beno
1036 1012 1107 1089 pro
1132 1006 1183 1099 τῇ

146 1151 252 1204 saera
271 1128 446 1201 concione
463 1124 619 1198 dioendi.
672 1124 748 1200 Sed
767 1149 850 1199 erun
868 1125 1109 1201 destituerent

146 1285 233 1335 oum
258 1282 333 1336 vox
370 1270 408 1332 et
431 1258 556 1331 *latero
577 1260 631 1355 ⁸),
666 1282 760 1356 quae
790 1261 933 1355 mugnis
959 1260 1108 1359 templis
1137 1278 1140 1282 ’

147 1398 219 1472 vix
250 1395 445 1469 sullecttua
469 1392 710 1483 videbantur,
748 1398 908 1469 mutavit
938 1396 1111 1493 proposi·

149 1546 230 1605 tum
255 1543 294 1603 et
319 1532 418 1605 vitoe
444 1552 567 1624 genus.
618 1527 727 1618 Quod
753 1543 933 1627 superest,
959 1543 1034 1605 tam
1052 1533 1110 1604 iu·

147 1679 308 1741 structus
322 1688 365 1737 ae
378 1666 518 1762 plenus
528 1667 663 1738 sanetis
682 1663 886 1762 disciplinis
903 1666 984 1753 luit,
1001 1688 1111 1762 quam

151 1805 215 1902 qui
234 1803 417 1875 maxime:
443 1799 635 1872 obhorruit
653 1811 777 1873 tamen
794 1823 941 1898 eernper
962 1800 1008 1873 ub
1029 1802 1112 1876 illo·

150 1962 233 2013 rum
259 1938 510 2036 professione,
548 1949 664 2008 utne
694 1935 945 2032 implicaretur
969 1936 1111 2009 tlreolo-

150 2099 281 2175 gorum
308 2075 446 2162 litibus,
471 2094 562 2169 quas
586 2073 697 2145 nimis
723 2071 832 2144 saeile
857 2071 904 2145 ab
931 2073 1005 2145 illis
1030 2094 1112 2157 rus·
1137 2132 1140 2137 .

150 2225 275 2311 reptas
299 2208 485 2285 invidiose
510 2209 571 2303 ogi
589 2228 819 2305 eonquerem
842 2206 971 2280 oderat
987 2218 1027 2279 et
1044 2230 1112 2283 ex.-

150 2347 370 2423 secrabatur.
421 2342 642 2417 Academica
665 2340 791 2415 studio
814 2341 973 2415 multum
998 2345 1111 2416 etiam

154 2484 300 2561 adiuvit
317 2482 430 2553 frater
453 2490 542 2550 nutu
560 2479 681 2549 maior
696 2476 864 2548 Andreas
885 2476 1034 2549 Samuel
1048 2480 1114 2579 ¹⁸⁸),

157 2615 353 2709 Gymnasii
371 2608 679 2703 Botenburgensis
704 2608 753 2680 od
768 2608 944 2683 Tuberim
968 2610 1114 2703 lleotor,
1146 2656 1151 2671 ι
1186 2654 1189 2661 -

157 2772 268 2849 quem
294 2744 453 2819 habebut
483 2747 700 2817 innumero
726 2758 1026 2845 praeceptorum,
1057 2748 1115 2825 fa·

158 2886 350 2983 eiebatque
372 2883 543 2983 plurimi,
576 2883 624 2956 ob
656 2882 873 2957 eruditionis
904 2888 1051 2984 copiam
1076 2898 1116 2961 et

156 3021 376 3116 elegantiam
401 3016 603 3107 scribendi,
634 3016 728 3092 odeo
754 3018 921 3116 quidem,
953 3033 997 3095 ut
1019 3019 1115 3095 allu-

201 3220 239 3301 †)
267 3222 336 3300 Peg.
359 3218 430 3280 120.

203 3322 234 3401 ¹¹)
256 3322 299 3380 Cl'.
321 3340 407 3397 supro
427 3338 493 3399 pag.
513 3312 565 3378 49.
586 3338 629 3397 sq.
672 3317 731 3377 Fll.

204 3424 252 3501 ⁸⁸¹⁸)
275 3425 374 3481 lirum
391 3421 486 3494 hune,
512 3439 617 3501 urguo
633 3422 725 3481 fratre
744 3422 959 3501 dignissimum,
985 3422 1115 3482 nilomi-

160 3529 260 3585 liarius
288 3544 407 3609 noscere
433 3525 576 3595 volueris,
605 3524 672 3582 ride
699 3525 760 3582 eius
788 3526 954 3583 exercitatt.
979 3524 1115 3584 redoleret.

163 3647 228 3685 eur.
246 3634 407 3701 argument.
440 3622 609 3701 (Noriberg.
639 3620 730 3685 1780.
758 3620 806 3701 8.)
837 3635 868 3683 et
895 3626 932 3683 rd
959 3644 1025 3685 eum
1051 3625 1115 3684 libr,

128 3722 135 3731 ’
158 3730 280 3807 praelat.
302 3726 415 3786 llrrler.
464 3725 522 3784 l'll.
