2550 4590
610 240 841 345 ‘'.⁸“7

246 414 345 527 quie·
365 424 474 520 longe
499 423 668 525 prolecto
705 420 818 496 latius
859 434 1078 521 patuerunt,
1106 446 1233 522 quam*

247 563 465 637 exlsfimare
492 564 658 662 possint,
681 554 747 659 qui
768 558 842 632 sibi
869 560 1069 653 imaginem
1094 562 1177 633 eius
1199 584 1223 633 e

247 698 395 794 scriptis
423 698 572 791 lingant.
631 688 686 769 ln¹
704 715 776 792 quo
806 692 900 767 inihi
933 692 1046 791 plane
1075 694 1225 788 aoeitlit,

250 833 351 937 quod
372 835 438 924 iis,
461 835 529 937 gui
552 854 713 905 uxorein
735 826 916 905 rariorem
944 828 1077 906 acerba
1098 846 1225 907 morte

169 1062 173 1067 ¹
249 966 486 1043 amiserunt
513 966 666 1041 Etenim
679 987 789 1065 ·quae
817 966 991 1060 cogitatio
1022 967 1071 1041 ab
1089 960 1224 1059 initio,

245 1106 292 1179 in
309 1102 506 1180 viriditate
522 1105 663 1195 luetis,
683 1104 739 1177 ita
768 1099 963 1200 pertubat
981 1124 1024 1174 ao
1051 1124 1228 1177 moerore

251 1242 398 1315 ooniieit
418 1243 583 1332 munos,
597 1252 646 1316 'ut
666 1262 732 1315 eos
755 1242 868 1313 etiarn
882 1260 1041 1313 evocem
1054 1253 1093 1313 et
1115 1264 1228 1316 aver-

127 1402 131 1415 ·
252 1390 332 1450 tere
359 1375 406 1449 ab
437 1377 504 1449 tali
533 1378 756 1473 eogitatione
783 1396 949 1461 neeesse,
970 1375 1152 1468 habeant,
1180 1400 1230 1453 ea

252 1510 449 1608 paullatim
477 1513 612 1609 accipit
637 1512 863 1586 suavitatem
892 1524 1052 1601 tantam,
1076 1525 1120 1586 ut
1142 1536 1231 1589 eom

254 1646 369 1719 etiam
401 1645 657 1720 oblectationis
684 1669 795 1720 mona
823 1646 907 1721 sibi·
919 1662 1154 1746 proponant,
1175 1654 1234 1725 ei-

251 1802 334 1881 ·quo-
363 1781 609 1863 libentissime
642 1780 869 1877 indulgeant
929 1783 1099 1858 Profecto
1134 1787 1232 1863 haee

255 1916 347 1995 donn
377 1923 532 2020 scripsi,
557 1918 793 2010 reoensendis
822 1922 948 1995 arnono
977 1934 1015 1995 ot
1038 1926 1235 2001 intuendir

256 2056 342 2131 viri
357 2054 489 2148 bonis,
510 2069 614 2135 tanta
641 2081 719 2132 non
748 2057 863 2131 modo
884 2058 1080 2158 voluptate
1100 2065 1235 2161 perfu-

256 2214 321 2266 sus
344 2214 447 2283 sum,
462 2206 505 2267 ut
524 2194 610 2268 'libi
625 2198 739 2293 saepe
761 2197 897 2289 gratias
920 2200 1050 2271 tacitas
1075 2204 1232 2295 egerim,

258 2330 406 2425 quinne
431 2327 480 2401 ad
507 2330 602 2401 hane
619 2330 870 2426 scriptionem
897 2332 1132 2430 impulisset,
1161 2336 1233 2412 red

258 2466 371 2539 etiarn
393 2469 546 2540 uanitate
568 2469 642 2544 vlri
662 2470 854 2558 intensus,
874 2481 937 2559 ut,
959 2493 1044 2545 oum
1063 2478 1237 2557 maxime

151 2577 154 2583 ⁵
258 2606 435 2694 amatim,
450 2604 495 2701 †)
513 2618 637 2679 tamen
657 2606 777 2679 multo
806 2610 942 2703 magis,
965 2631 1076 2705 quam
1107 2624 1234 2707 anm

258 2762 385 2814 amare
407 2740 614 2815 Gesnerum
630 2742 788 2817 viderer.
838 2745 967 2842 ltaque
993 2746 1048 2819 'l'e
1071 2760 1236 2851 quoque,

259 2877 533 2975 etquicunque
563 2880 655 2952 haec
685 2879 858 2975 legerint,
886 2883 941 2955 ita
975 2883 1143 2959 adfectos
1186 2889 1235 2963 ab

260 3016 328 3086 liac
351 3015 509 3093 lectione
528 3014 755 3089 discessuros
785 3017 949 3105 tonino,
969 3032 1012 3092 ut
1032 3021 1081 3094 ad
1103 3027 1236 3121 pristiss

259 3174 349 3224 nuni
378 3152 426 3223 de
456 3152 623 3225 Gesnem
651 3152 847 3242 iudiciuin,
872 3174 1094 3253 quamquain
1124 3184 1238 3259 pree-

260 3284 417 3375 clanun‚
448 3285 812 3383 benivolentiamque
826 3288 879 3385 *),
907 3312 1080 3385 nragnarn
1111 3316 1241 3377 eoem-

259 3425 403 3496 sionem
425 3422 562 3497 saetam
585 3424 757 3495 sentiant.
804 3442 807 3447 ’

304 3580 341 3655 †)
360 3577 428 3659 Peg.
448 3576 523 3639 468.

303 3684 335 3755 ⁸)
359 3679 414 3737 Eu.
434 3700 476 3756 pr.
496 3680 786 3761 beneuolentianrqoe.
829 3680 889 3741 ru.
