2550 4590
579 297 858 368 -116-

123 550 125 555 ,
240 469 330 541 bum
357 488 438 539 esse
471 463 598 540 vellet:
628 466 711 562 ipse
741 474 865 535 eutem
903 482 951 535 ne
991 461 1102 546 olim,
1151 458 1203 533 ad

240 606 313 679 Dei
337 601 475 674 solium
505 601 705 689 transiens,
736 598 824 671 ullis
858 598 975 669 animi
1008 593 1205 681 doloribus

240 736 534 837 perturbaretur,
567 733 846 828 diligentissime
878 734 1120 831 peromnem
1146 731 1206 804 vi·

242 889 320 951 tarn
360 885 514 948 cumae
582 869 706 960 Quum
747 871 905 968 deniquo
947 872 1074 968 paucis
1118 880 1207 942 arcte

242 1022 401 1085 mortem
432 990 727 1082 hebdomadibus
767 1006 1033 1079 resolutionem
1065 1005 1208 1077 sinistri

243 1146 369 1218 lateris
402 1155 579 1240 expertus
613 1153 726 1232 esset3
754 1143 865 1240 plane
897 1163 1048 1214 suarum
1079 1162 1208 1212 rerum

244 1279 428 1372 negligens
460 1288 562 1349 totus
599 1278 641 1349 in
677 1299 719 1349 se
757 1269 1050 1361 convertebatur.
1108 1272 1208 1359 Illud

244 1415 394 1515 quidem
426 1437 447 1486 e
479 1413 730 1504 sermonibus,
762 1413 919 1488 subinde
951 1414 999 1489 ab
1033 1437 1079 1486 eo
1110 1425 1211 1485 certe

245 1553 444 1641 inchoatis,
480 1549 770 1646 intelligebatur,
809 1549 857 1622 de
890 1552 1019 1627 amieis
1050 1551 1208 1623 mortuis

246 1710 344 1774 eursu,
369 1687 589 1758 nominatim
615 1683 663 1757 de
688 1686 857 1778 coniuge,
873 1687 1045 1778 cogitare,
1060 1680 1211 1781 quibus·

247 1843 332 1893 cum
356 1841 431 1893 una
456 1841 556 1909 esse,
579 1822 620 1893 in
647 1840 804 1917 quorum
828 1817 1119 1893 habitationibus
1145 1816 1211 1890 de-

247 1979 332 2050 gere
357 1966 517 2052 cuperet
568 1953 695 2051 Neque
728 1966 882 2042 tamen,
896 1967 1138 2051 posteaquam
1162 1952 1211 2031 ab

247 2094 314 2167 illa
344 2092 570 2164 resolutione
601 2091 791 2161 sinistrum
825 2089 924 2159 latrrs
956 2089 1214 2163 sollertissima

248 2246 337 2300 eura
365 2233 584 2297 revocarant
614 2218 768 2309 medio,
799 2219 903 2292 nulla
930 2241 1018 2318 spes
1049 2221 1215 2296 restabat

248 2361 345 2459 suis,
369 2357 487 2429 fatum
519 2355 717 2429 inurrinens
750 2351 799 2425 ad
827 2365 974 2453 tempus
999 2370 1216 2433 revoeatrnu

145 2546 151 2559 ·
248 2495 320 2566 iri..-
357 2488 434 2564 Sed
465 2462 595 2589 pectus
620 2489 757 2587 piutita
781 2489 975 2587 oppletum
999 2493 1131 2565 timere
1154 2494 1213 2569 iu„

249 2625 381 2723 bebat,
405 2645 453 2697 ne
486 2623 725 2696 suffocatione
755 2590 881 2720 aliqua
910 2627 1032 2719 omnis
1064 2629 1125 2701 vis
1155 2629 1215 2703 vi.

249 2760 336 2851 talis
356 2768 360 2775 '
382 2759 674 2859 opprimeretur,
714 2759 867 2856 ipseque
905 2762 1215 2857 exstirgueretum
1242 2784 1245 2789 ’

61 2940 66 2947 ·
138 2984 149 2997 ,
251 2893 292 2969 id
327 2893 427 2992 quod
457 2893 609 2995 accidit·
657 2890 781 2981 Quum
810 2897 909 2967 enim
935 2894 996 2969 die
1021 2892 1216 2971 undecimo

127 3042 137 3053 “
252 3029 391 3119 mensis
413 3025 664 3123 Septembris,
688 3024 739 3099 ad
762 3040 911 3101 sextam
938 3050 1055 3126 usque
1083 3030 1216 3106 horam

223 3166 494 3261 matutinam,
524 3162 672 3261 placide
696 3184 881 3238 somnum
914 3169 1126 3263 carpsisset,
1157 3192 1217 3241 re·

255 3311 367 3398 pente
392 3320 459 3395 per
482 3297 653 3371 insolitos
683 3298 866 3381 rhonchos
892 3302 1064 3397 spiritum
1076 3299 1218 3377 ‘diffici-

159 3455 162 3461 ·
255 3436 327 3509 lius
348 3434 480 3507 ducere
500 3433 871 3515 mimadvmtebamr.
894 3435 991 3511 'lum
1010 3461 1102 3513 vero
1120 3444 1220 3538 peri·

258 3568 524 3677 eulum'sdesse
544 3569 740 3644 videbatur
754 3575 802 3660 ei,
817 3572 880 3667 qui
894 3571 1060 3647 cubantis
1079 3575 1217 3649 leetrdo

258 3702 482 3791 adsidebat,
496 3701 614 3779 Aeciti
633 3704 785 3796 medici,
798 3706 899 3805 quod
913 3706 978 3781 diu
996 3711 1219 3802 timuissent,
