2550 4590
498 219 553 323 ὲ-
602 266 781 343 cot-

159 449 295 527 maret,
321 458 363 509 oe
390 435 438 510 ab
460 458 505 509 eo
536 449 752 536 superatum
778 460 859 511 esse
880 438 1070 531 ihtutum,
1094 444 1124 515 si

27 626 30 631 .
157 570 237 645 cius
256 571 421 643 rationes
450 571 485 642 ci
511 572 785 668 permisissent,
810 571 859 646 ad
886 572 1122 649 scribendum

156 728 199 779 oc
224 703 324 779 dara.
375 704 447 779 His
475 707 592 779 initiis
619 705 814 806 respondit
834 708 1001 806 reliquus
1023 711 1122 786 vitae

155 862 294 915 cursus.
345 838 476 936 Cogita
495 860 689 916 munorum
713 844 934 918 varietatem
959 864 1006 917 ac
1030 845 1119 919 mul·

155 974 370 1066 titudinem3
405 974 664 1068 bibliothecam
703 979 898 1050 societates
930 988 1009 1069 tot,
1041 1002 1118 1053 curn

154 1110 321 1209 publicas
345 1121 425 1184 turn
450 1113 629 1208 privatas,
653 1112 750 1185 sicut
775 1112 994 1186 historicam
1018 1114 1116 1187 iilam

153 1246 404 1347 Lipsiensem,
430 1268 586 1345 quarum
612 1248 673 1323 voi
699 1247 839 1321 sodalis
864 1248 957 1341 fuit,
982 1250 1046 1325 vei
1064 1249 1117 1323 di·

153 1398 291 1476 rector,
317 1381 378 1461 vel
403 1406 570 1485 procses3
596 1386 748 1477 fratres,
768 1388 905 1479 tilium,
931 1384 1114 1482 generum,

153 1520 340 1613 medicos3
379 1533 438 1595 tot
466 1523 605 1595 amicos
636 1532 714 1593 tarn
739 1520 958 1594 excellentis
985 1520 1115 1597 doctri·

153 1682 240 1749 nac,
266 1671 305 1732 ct
327 1660 367 1732 in
393 1658 525 1731 litteris
551 1659 716 1730 omnium
738 1678 915 1753 generum
932 1670 1114 1733 veterato·

151 1816 221 1868 res.
282 1792 413 1869 Nonne
446 1791 691 1865 haecomnia
724 1787 898 1865 videntur
931 1788 1111 1865 desfinata

152 1931 206 2002 ita
231 1949 274 2001 ac
298 1928 470 2025 copulata
493 1946 517 1999 a
541 1927 691 1999 recuico
716 1924 866 2015 mundi,
892 1938 1030 1999 natura
1052 1926 1111 2001 ilh

151 2062 529 2163 incomprehensibili,
571 2073 615 2134 ut
654 2073 828 2158 tanquam
868 2064 1110 2159 experiretur,

151 2206 217 2268 arrt
236 2196 379 2291 potius,
411 2206 454 2267 ut
475 2192 702 2283 ostenderat,
728 2192 818 2290 quid
843 2206 973 2291 posset
999 2193 1109 2269 effico-

149 2352 190 2403 re
204 2334 257 2427 ⁸),
284 2343 322 2402 et
344 2340 502 2426 quantae
526 2329 702 2401 scientiae
728 2350 850 2426 capax
875 2332 926 2402 sit
945 2330 1109 2405 mortali

149 2466 230 2545 tut
281 2466 332 2539 Et
363 2478 489 2540 tamen
520 2477 606 2538 sunt
636 2466 806 2541 homines
835 2467 1106 2569 μεμψίμοιροι,

149 2624 241 2701 quos
266 2624 343 2676 non
367 2624 460 2675 suae·
480 2614 623 2675 tantum
648 2603 816 2700 poenitet
836 2603 1022 2695 fortunae,
1046 2602 1107 2678 sed

149 2742 292 2815 alienae
317 2762 480 2837 quoquc3
515 2739 560 2837 †)
588 2741 649 2836 qui
674 2738 947 2838 reprehendant
973 2742 1107 2816 Gesne·

146 2896 240 2964 rum,
266 2874 366 2972 quod
391 2876 463 2948 fuit
487 2872 708 2969 Polyhistor,
733 2894 800 2949 nec
817 2875 941 2965 fucrit,
969 2890 1014 2950 ut
1030 2878 1106 2977 ipse

148 3012 304 3087 vocabat
330 3017 420 3087 artis
446 3015 555 3087 unius
587 3032 836 3111 possessores,
871 3014 1012 3108 glebae
1044 3016 1104 3089 od·

146 3152 310 3252 temptor
332 3159 401 3248 ”),·
440 3153 566 3250 etqui
591 3154 736 3249 possint
764 3162 912 3250 optare,
947 3166 994 3227 ut
1017 3153 1102 3229 nihii

186 3416 219 3497 θ)
241 3418 326 3479 Corn.
348 3420 419 3498 Nep.
440 3416 504 3489 vn,
529 3417 559 3491 1,
583 3414 611 3479 1.
654 3418 714 3479 FB.

187 3548 224 3625 †)
250 3550 319 3631 Pog.
344 3551 414 3613 1⁴21.

187 3680 233 3761 ⁸¹)
261 3682 349 3743 Docti
370 3685 564 3744 huiuscemodi
589 3682 745 3744 audiebant
772 3682 860 3745 etiam
884 3686 968 3745 acroi
992 3688 1100 3765 glebae,
