2564 4590
516 247 772 319 ...35-

164 388 260 499 ιῖιιιιίἓ
280 388 469 515 pruriente
509 396 663 489 rubore:
695 414 830 505 modo,
862 396 1058 491 ottollente
1093 442 1134 493 se

163 550 222 627 sd*
235 524 411 625 intestina
435 553 556 642 malo,
581 554 699 627 coctio
726 565 763 624 et
788 552 956 626 exoretis
981 554 1133 645 turbari,

163 682 449 799 superueniente
482 690 594 764 etiam
627 688 814 763 interdrnn
858 691 1023 786 maligno
1056 692 1133 767 alvi

162 830 278 903 fluxu.
337 824 578 901 sustentabat
617 834 743 901 tamen
777 828 918 901 ma'lum
952 830 1136 909 naturalis

163 952 345 1036 tinimi³et
370 962 534 1061 eorporis
565 936 696 1054 uigor,
718 972 761 1033 ut
791 960 973 1035 sufficeret
997 964 1134 1039 labori-

163 1100 252 1188 bus,
279 1112 389 1199 atque
422 1101 534 1171 etiam
565 1098 763 1196 pristinam
796 1098 1024 1175 hilaritatem
1048 1124 1134 1177 oon-

163 1220 338 1312 servaret
388 1209 466 1309 Neo
489 1232 697 1323 dubitatur,
724 1237 813 1332 quin
840 1235 986 1331 longius
1014 1240 1132 1313 vitem

162 1368 349 1447 tieet'urus
370 1342 500 1461 iirerit,
514 1374 605 1444 nisi·
600 1375 933 1491 supervenissent,
948 1380 1019 1473 per
1037 1398 1133 1475 quse

45 1470 51 1491 ι
160 1508 337 1588 vsiidius
355 1513 575 1585 irritaretur
592 1484 733 1584 muium
759 1524 798 1583 ot
823 1516 1006 1609 pemioies
1030 1516 1132 1591 stee-

161 1618 362 1718 litaretur.
402 1640 560 1741 Culpam
585 1666 672 1738 ergo
688 1644 892 1718 festinatae
900 1651 1040 1723 mortis
1052 1648 1131 1723 bei·-
1135 1686 1140 1693 ·

160 1781 239 1853 ium
278 1781 453 1869 sustinet,
487 1778 746 1877 inprimisque·
762 1781 965 1897 superioris
995 1784 1130 1859 hiemis

159 1912 344 2035 s‘at'e'uitit'r'p¹
376 1934 471 2010 quae
497 1914 607 1985 aeris
638 1892 902 1987 immunditie
922 1928 963 1988 et
988 1914 1131 1993 vietus

27 2128 31 2141 .
159 2048 244 2161 tuin
264 2048 398 2146 inopia
408 2061 495 2120 tum
521 2045 718 2119 insolentia
743 2050 857 2121 etium
883 2048 979 2124 bene
1001 2055 1132 2129 voion-

159 2200 214 2260 tes
241 2184 390 2256 adflixit
422 2206 464 2255 ac
497 2204 610 2281 saepe
641 2187 846 2282 oppressit,
850 2174 1020 2263 nedum
1050 2190 1129 2263 irn-

156 2322 371 2417 g'uenteset
395 2318 493 2390 male
518 2316 694 2391 adfectos.
743 2318 840 2392 Nem
868 2302 1004 2397 uxum
1029 2308 1136 2399 mor-⁸

157 2468 252 2545 tem,
287 2476 381 2552 quse
412 2465 452 2525 et
483 2455 640 2551 ipsein
676 2456 899 2529 societatem·
930 2480 1125 2537 causarum

155 2560 292 2666 vocnt
306 2589 445 2687 possit,
477 2590 531 2660 ito
555 2588 702 2685 placide
728 2603 767 2663 et
791 2604 1002 2669 constanter
1028 2599 1122 2685 tutis,

154 2738 196 2798 ut
209 2725 270 2797 ed
295 2724 496 2821 pernitiem
522 2726 688 2821 eorporis
713 2725 876 2798 valuisse
897 2730 969 2801 vix
997 2732 1121 2806 rideo·

54 2920 58 2941 .
153 2876 223 2936 tur.
284 2862 450 2935 Primum
491 2865 639 2956 gravius
686 2875 847 2936 tentatus
892 2878 950 2938 est
979 2888 1121 2942 'meuse

153 2999 365 3099 Septembri
396 3000 483 3070 anni
517 3001 758 3094 sexagesimi,
784 3023 885 3088 eum,
918 3004 957 3074 in
1001 3002 1119 3077 reditu

153 3161 176 3211 a
202 3122 384 3231 logatione
414 3135 462 3207 ad
488 3134 693 3209 Xoverium
710 3136 755 3233 †)
783 3138 943 3228 Ducem,
978 3140 1116 3215 diutius

150 3295 272 3346 aerem
302 3269 550 3344 humidiorem
583 3271 622 3341 in
655 3269 800 3366 Visurgi
835 3296 943 3345 arnno
977 3276 1114 3351 hausis-

127 3420 214 3483 'set
265 3408 456 3507 Superiori
489 3411 614 3503 itaque
647 3431 763 3499 anno,
789 3415 828 3483 in
862 3415 1036 3488 omnibus
1064 3414 1113 3489 'sti

146 3566 208 3616 me
235 3544 368 3633 literis,
383 3545 516 3617 mortis
541 3543 613 3617 sibi
637 3549 793 3645 propius
819 3551 996 3624 minantis
1012 3574 1113 3627 men·

188 3690 226 3775 †)
248 3694 316 3776 rag.
337 3691 410 3758 481.
515 3690 518 3695 ¹
