2550 4590
581 304 633 320 -
686 263 760 340 184
810 300 861 317 -·

238 448 277 508 te
298 436 395 509 scire
415 436 663 508 tua‘intcrest.
688 428 751 506 Ad
759 430 839 505 'hoe
858 452 1007 529 semper
1023 431 1067 504 in
1081 438 1216 529 prum-

239 585 281 645 tu
305 572 466 646 habebat
490 594 651 670 parvum
675 569 845 643 libellum
874 569 1024 643 chartae
1046 566 1216 642 mundae

239 707 361 781 forma
392 706 568 803 oblonga,
610 728 720 805 quem
749 726 885 780 vocare
920 701 1067 776 solebat
1100 723 1216 778 suum

247 841 348 915 Vade
375 868 530 916 mecum.
588 841 690 915 Huic
729 815 826 912 inter'
858 837 1055 933 legendum
1088 850 1217 912 custu-

201 970 204 975 ’
241 978 379 1053 dienda
406 981 644 1078 'paucissimis
677 977 808 1075 verbis¹
834 975 1070 1066 mandabat‚'
1100 999 1218 1073 quae·

236 1126 383 1213 'cunque
417 1129 482 1189 aut
516 1116 563 1188 ob
589 1102 793 1188 serrtbntiae
825 1112 870 1208 †)
895 1111 1217 1211 pulchritudinem

232 1270 284 1324 'ae
308 1254 527 1348 gravitatem
553 1254 697 1328 servari
723 1250 833 1346 digna
858 1272 952 1347 prae
974 1250 1217 1348 reliquisvl*

173 1370 176 1380 ’
240 1384 431 1483 detentum
477 1402 544 1463 aut
569 1387 760 1461 doctrinae
785 1374 1216 1483 aliquidexquisitiuris

239 1520 501 1620 interiorisque
526 1526 771 1612 continerent3
796 1532 863 1593 aut
880 1519 973 1594 alias
994 1540 1217 1618 quacunque

234 1654 289 1729 ‘de
315 1679 444 1731 caussa
470 1661 504 1732 ci
529 1681 571 1732 se
589 1655 899 1733 commendarent
950 1653 1023 1727 His
1045 1630 1218 1753 appone-

241 1786 307 1863 bat
332 1795 458 1866 statim
491 1794 623 1867 harum
657 1793 832 1888 sigiarum
863 1800 1003 1879 unaru,'
1031 1786 1073 1863 C.
1095 1790 1152 1865 Μ.
1172 1791 1217 1865 u

235 1938 457 2022 'argumenta
481 1943 546 2003 aut
570 1927 864 2028 praefationibus
889 1922 1079 2021 Cataiegis
1104 1948 1218 2026 pm·

239 2060 440 2136 lectionum
466 2062 748 2163 praemittendis
775 2075 884 2162 apta,
911 2064 1042 2135 autin
1067 2061 1216 2137 Menu-

240 2199 306 2269 riis
326 2200 509 2286 vitarum,
535 2211 601 2271 aut
624 2202 666 2270 in
686 2197 1023 2292 Programmatibus
1051 2211 1215 2281 uadum

240 2329 291 2405 da
314 2330 568 2406 indicantium.
626 2302 726 2407 Huic
751 2331 910 2407 debebat
940 2352 1016 2406 nan
1033 2333 1126 2407 ¹bue
1153 2355 1213 2431 aa·

238 2464 338 2557 ium,
371 2466 472 2564 quad
495 2488 686 2566 nunquam
719 2479 797 2540 tam
822 2488 874 2540 cx
897 2470 1098 2565 inopinato
1124 2471 1212 2543 scrib

240 2598 351 2676 bendi
376 2607 574 2676 necessitas
597 2606 762 2677 existere
777 2615 937 2700 peterat,
956 2605 1048 2699 quin
1070 2605 1107 2678 ei
1126 2626 1210 2678 eeu·

170 2751 175 2757 ·
239 2736 400 2808 siliarius
419 2750 511 2809 suus
527 2740 721 2809 materiam
738 2736 994 2835 suppeditaret
1012 2738 1210 2835 pulchram

239 2882 277 2940 et
302 2873 600 2943 convenientem:
640 2871 707 2944 sed
732 2873 803 2946 hoe
829 2894 995 2968 quoque,
1029 2873 1137 2970 quud
1161 2896 1209 2949 ex
1260 2874 1265 2885 ’

206 2984 209 2989 ’
237 3004 408 3102 pluribus
434 3007 568 3102 eligere
589 3018 737 3107 potarat
758 3031 853 3097 eam,
880 3029 975 3105 quae
993 3006 1138 3085 idonea
1154 3014 1209 3090 vi·

239 3136 388 3214 deretur
407 3144 590 3238 maxime3
609 3165 775 3241 ,quorum
794 3155 979 3235 neutrum,
1001 3142 1148 3245 absque
1166 3166 1208 3219 eu

238 3388 280 3445 tia
298 3388 446 3463 inprimis,
466 3407 527 3447 nen
546 3389 663 3447 stetisse
683 3385 804 3459 dieunt,
828 3388 884 3446 nisi
904 3404 956 3464 per
972 3388 1101 3448 miiitum
1122 3368 1210 3451 duee·

128 3516 131 3523 ·
238 3505 363 3547 summus
378 3489 536 3565 quosdam,
556 3489 660 3567 quibus
680 3487 756 3546 belia
775 3507 841 3546 eum
855 3488 977 3546 salebris
995 3489 1211 3573 paludibusque

238 3610 341 3670 gerere
358 3593 510 3671 iudignum
521 3596 617 3656 vitum
634 3593 724 3654 tuerit
737 3592 909 3652 fortitudine
926 3591 1157 3657 Germanorum.

243 3736 248 3745 ·
280 3719 318 3803 †)
340 3723 409 3805 Peg.
431 3723 483 3786 71.
