2550 4590
161 1019 390 1169 Magnam,
422 1073 543 1164 riva,
580 1075 766 1149 iacturam
795 1072 969 1165 fecimus,
1005 1014 1138 1167 nubis,'.

159 1209 341 1309 rebusque
363 1208 595 1284 mortalibus·
613 1221 742 1309 erepto
770 1223 920 1283 ronnnn
945 1229 1126 1321 narrum
1245 1224 1249 1233 “

120 1392 127 1401 ·
157 1364 356 1425 ursnado:
388 1349 431 1421 in
450 1368 526 1443 que
552 1368 628 1419 uuo
649 1348 734 1420 viro
757 1360 814 1420 tut
841 1347 990 1423 fuerunt
1018 1370 1125 1446 prae·

156 1484 257 1557 dara
277 1495 317 1556 et
337 1481 592 1579 admirabilia,
616 1493 721 1555 tanta
749 1483 945 1555 universae
965 1485 1124 1582 antiqui-

155 1621 256 1710 tatis,
282 1619 446 1692 Graecae
465 1619 635 1713 maxime
659 1631 698 1691 et
717 1616 886 1707 Latinae,
910 1619 1057 1709 notitia,
1077 1644 1124 1697 ea

152 1756 392 1855 philosophia
400 1792 415 1845 ·,-
434 1755 515 1846 illa,
538 1755 579 1827 in
604 1752 804 1828 iudicando
826 1754 972 1852 pulcro,
994 1767 1122 1850 gratus
1189 1794 1202 1820 .

153 1893 293 1966 verims
321 1902 360 1964 et
378 1891 580 1988 elegantia,
606 1911 652 1962 aa
673 1888 870 1965 -deminae
890 1890 1053 1965 varietas
1083 1903 1122 1967 et

151 2025 419 2125 polyhistoria,
444 2022 540 2100 illud
560 2016 768 2119 ugemnm,
794 2046 840 2097 aa
859 2026 1027 2115 comitas,
1053 2047 1120 2099 eae

150 2157 312 2258 denique
331 2161 453 2234 omnis
471 2160 616 2257 qenais
631 2146 801 2248 virtuter,
826 2173 869 2233 ut
887 2161 975 2258 pius
993 2161 1034 2235 in
1050 2160 1118 2235 iiio

149 2299 319 2371 amidm
338 2296 548 2387 videamur,
573 2318 686 2395 quam
703 2295 813 2371 reddi
832 2297 944 2371 nubis
961 2299 1004 2372 in
1027 2319 1118 2390 una,

148 2432 235 2506 lieet
257 2429 474 2504 doctissimo
496 2430 667 2520 homine,
692 2433 823 2528 possit.
875 2432 952 2504 Sed
973 2434 1033 2506 iric
1050 2454 1117 2507 nu·
1183 2502 1193 2535 ἱ
1250 2530 1253 2535 Ι

149 2567 208 2638 bis
228 2565 368 2654 luetur,
397 2566 472 2638 irae
499 2565 671 2661 querelae
700 2588 785 2638 cum
816 2564 990 2641 omnibus
1017 2588 1130 2643 com.
1161 2556 1183 2605 “’

148 2724 281 2774 munes
300 2713 408 2790 sunt,
433 2702 499 2798 qui
525 2700 732 2799 ubicunque
758 2713 939 2775 terrarum
967 2696 1116 2797 degunt,

148 2838 322 2929 erumna
360 2858 437 2927 nen
464 2858 526 2912 rea
551 2848 681 2912 nonna
705 2839 855 2935 privata
882 2840 1013 2937 periit,
1047 2837 1114 2913 sed

145 2974 297 3073 publiea
320 2976 436 3048 totius
459 2974 681 3047 Germaniae
702 2985 740 3045 et
763 2973 949 3072 Europae,
977 2974 1114 3048 Gesne-

146 3131 227 3182 rus:
252 3106 353 3181 unde
371 3130 440 3181 nec
465 3106 772 3183 dissimulandam
795 3131 986 3182 carisomus
1008 3106 1113 3181 dala-

106 3340 111 3351 Ι
145 3246 199 3318 ris
223 3247 342 3318 nostri
371 3244 682 3341 magnitudinem,
713 3249 754 3318 in
783 3269 931 3343 quana
960 3245 1113 3321 invidus

147 3354 298 3479 quidem
317 3382 501 3482 rebusque
522 3386 659 3456 nostris
684 3385 851 3485 iniquus,
877 3382 917 3456 id
939 3384 1038 3479 quod
1072 3386 1111 3458 in
1154 3454 1161 3474 ‚

147 3518 249 3591 ornni
271 3518 371 3592 luctu
396 3532 453 3595 est
477 3516 772 3609 acerbissimum,
799 3520 1004 3609 exsultare,
1031 3542 1110 3595 ruo-

146 3651 196 3725 do
220 3651 351 3729 doetus
374 3656 443 3742 sit,
467 3667 585 3753 queat.
