2550 4590
365 297 370 303 .
489 253 542 299 ..·
594 247 664 321 141
719 286 771 301 ..

250 414 446 493 Natalibus
472 417 551 491 tuis
583 416 788 493 illustravit
822 382 1006 496 Graevius
1041 444 1118 498 nou
1168 470 1171 476 -

147 548 311 648 ignobiio
330 549 534 625 Sauouioo¹
547 549 731 649 oppidum
743 552 801 650 *),
839 553 1122 651 Naumburgum

146 688 197 763 ad
212 687 352 777 suam,
377 685 491 784 quod,
518 687 588 759 etsi
607 689 829 783 antiquitate
848 710 928 780 sua,
956 703 994 765 et
1007 692 1121 786 longa

146 827 434 925 Episeoporum,
455 822 652 897 nobilitate
670 826 860 920 sanguinis
880 839 919 899 et
939 826 1117 901 eruditio-

146 990 206 1055 ne,
228 976 275 1039 ut
295 986 341 1037 ea
359 961 529 1072 serebant
553 975 736 1075 tempora,
756 930 948 1062 praeclara
970 980 1118 1039 ornato-

145 1124 244 1191 rum,
264 1101 373 1188 serie,
393 1066 442 1173 ab
456 1096 605 1172 Ottonis
619 1101 734 1197 primi
751 1099 982 1197 temporibus
994 1124 1043 1177 se
1063 1101 1118 1175 ef

148 1236 245 1311 serre
264 1235 402 1337 possin
427 1232 514 1307 lieet
534 1233 779 1333 popularibus
800 1237 897 1325 suis,
924 1236 1118 1311 fertilitate

148 1375 441 1453 eireumiaoemis
456 1375 553 1464 soli,
573 1377 655 1451 vini
674 1395 752 1451 non
776 1377 1037 1452 contemnendi
1056 1401 1117 1452 eo-

148 1514 232 1611 pia,
255 1509 478 1585 ··oerevisise
508 1531 577 1608 per
607 1520 727 1591 totam
754 1509 994 1585 Germaniam
1023 1514 1118 1586 eele-

148 1647 335 1722 berrimae
366 1648 504 1741 gratia,
533 1644 841 1742 frequentissimi
874 1644 1051 1721 nundinis
1079 1661 1119 1723 et
1247 1658 1250 1663 ’

148 1794 314 1861 mereatu
342 1805 385 1856 so
421 1780 672 1872 commendem
723 1781 791 1856 bas
822 1803 951 1857 omnes
987 1784 1119 1858 laudes

150 1919 306 2018 posthae
329 1915 542 1991 obscurabit
560 1913 786 2025 nobilissimi
810 1915 951 1989 alumni
970 1916 1120 2007 natalis,

93 2048 116 2127 1
150 2054 217 2150 qui
238 2051 361 2126 luoem
386 2050 429 2123 in
454 2048 524 2123 illa
541 2046 721 2146 adspexit
738 2047 900 2146 primam
920 2047 982 2122 die
1002 2068 1120 2123 xxix.
1145 2132 1150 2139 ,

149 2191 314 2265 Ianuarii
347 2189 438 2269 anni
470 2207 585 2285 supra
616 2186 858 2261 millesimtuu
894 2191 1121 2264 sexcentesi-

149 2342 262 2402 mum.
280 2318 436 2401 secundi
458 2334 496 2397 et
523 2323 713 2418 trigesimi.
776 2322 961 2397 uererer
987 2324 1120 2400 habuit

150 2461 406 2538 honestissimi
422 2461 520 2533 inter
535 2460 635 2535 cives
650 2459 725 2533 loei
739 2470 776 2532 et
785 2457 939 2550 ordiris,
961 2483 1120 2558 quorum
1260 2480 1271 2551 ξ

149 2599 312 2673 maiores
333 2618 402 2693 per
421 2593 581 2668 duomm
607 2594 817 2669 seculorum
839 2568 1010 2692 ¹spatium
1032 2617 1121 2670 euu-
1219 2571 1225 2585 ⁸

149 2739 288 2813 merari
301 2745 474 2835 possent,
500 2736 534 2807 si
558 2733 600 2808 id
618 2733 800 2830 agendum
821 2735 932 2808 nobis
954 2759 1050 2809 nune
1064 2759 1121 2810 es-

148 2886 220 2949 set.
271 2873 390 2961 Avus,
410 2867 541 2945 Petrus
556 2871 752 2958 Gramina,
779 2891 830 2943 ex
851 2870 1005 2961 Delitio,
1030 2873 1122 2947 Mis·
1259 2872 1262 2877 ’

148 3014 239 3085 niae
261 3008 415 3109 oppido,
438 3005 630 3097 oriundus,
651 3009 692 3080 in
711 3006 780 3079 ilio
795 3005 997 3100 aedilitate,
1018 2998 1122 3085 aora-

146 3150 198 3221 rii
220 3158 261 3220 et
274 3168 429 3244 operum
442 3145 678 3244 publicorum
699 3147 889 3218 curatione
903 3150 1124 3244 conspicuus

149 3283 266 3359 vixit
343 3280 407 3355 Ex
443 3301 566 3354 uxore
593 3277 811 3353 Elisabetha
836 3278 1122 3369 Holtzmullera,

192 3488 227 3572 ⁸)
249 3489 301 3549 Sie
324 3483 369 3553 ei.
392 3510 418 3552 a.
441 3488 534 3553 1550,
558 3510 643 3569 qutun
664 3492 829 3571 sequimur,
859 3508 947 3566 quum
968 3499 1056 3546 anteo
1077 3488 1124 3557 (iu

147 3594 195 3655 eu.
222 3592 266 3655 Ιο.
289 3591 353 3651 nib.
365 3588 502 3665 Fabricii,
524 3589 798 3671 Homburg.1707.
819 3590 863 3665 8.)
884 3590 1045 3668 legeretur:
1066 3606 1124 3647 non

146 3695 282 3775 ignobile
300 3695 381 3756 alias
397 3691 470 3757 Sat.
490 3694 634 3775 oppidum.
678 3690 737 3753 ΡΒ.
757 3730 761 3737 ·
