2550 4590
599 270 881 351 ⁷192*-

256 437 410 513 haberet
439 437 673 528 offensionis,
711 433 814 511 haud
842 458 975 537 parum
1003 434 1230 511 laetabamur.

250 574 400 659 'thtdt
417 597 511 649 vero
532 573 745 671 eloquentia
765 573 922 646 Gesneri
942 574 1120 647 comitem
1143 596 1227 671 pcr-

254 722 425 811 petuam,
469 709 614 808 sibique
647 711 812 782 iunctam
818 680 852 799 ,¹
878 707 1032 784 vinculo
1058 710 1231 785 -amoris

255 847 483 935 arctissimo,
521 843 811 943 philosophiam.
867 840 974 917 Haec
1001 862 1081 915 nou
1114 844 1229 921 muro

254 982 423 1076 magistri
450 993 530 1055 erat
544 978 760 1078 .discipula;
800 976 869 1053 sed
900 979 1229 1080 philosophorum,

255 1131 437 1217 quotquot
479 1118 602 1206 fuere,
649 1114 824 1212 dogmata
853 1115 1052 1189 ..hahebat
1078 1120 1230 1213 cognita

254 1257 441 1344 omnium,
473 1253 635 1352 indeque
665 1253 900 1352 decerpserat
928 1254 1004 1327 sibi
1027 1255 1231 1331 sanissima

254 1409 440 1487 quaeque,
466 1411 561 1485 quae
584 1387 836 1464 deiudivitiis
864 1399 1024 1461 auxerat
1045 1412 1228 1466 umnam·

252 1521 314 1599 lis.
336 1545 381 1597 oe
415 1523 671 1598 domesticis.
703 1522 855 1598 Iuvenis
891 1521 1044 1621 quidem
1085 1546 1230 1603 nomen

253 1628 341 1729 'oum
364 1652 517 1755 seuque
547 1655 702 1729 dedunt
722 1654 871 1731 walto
886 1658 941 1755 ·)‚
970 1660 1075 1731 cusa
1094 1657 1229 1735 usam

252 1791 543 1891 sialiquamdio
565 1795 621 1867 ita
644 1792 765 1867 fuerat
786 1791 970 1884 addictus,
997 1807 1040 1869 ut
1060 1818 1139 1894 -pro
1161 1796 1229 1873 illa

253 1928 548 2028 depugnaturus.
565 1931 664 2005 ferro
704 1932 855 2022 ferisset,
904 1935 994 2030 quin
1032 1936 1227 2032 posituim

109 2128 113 2133 .
252 2069 381 2141 vitam.
433 2066 510 2141 Sed
535 2068 679 2142 solutus
700 2066 853 2142 tandem
879 2071 953 2142 ista
978 2070 1226 2145 fascinatione

250 2203 528 2301 philosophica,
552 2206 698 2301 sibique
722 2204 910 2295 redditus,
936 2206 1081 2281 alienus
1107 2208 1224 2287 fuito

250 2340 353 2413 acids
376 2339 583 2417 Wolffiauis
605 2340 804 2441 plerisque,
830 2345 885 2417 ita
905 2356 1044 2435 tamen,
1059 2358 1107 2419 ut
1121 2360 1223 2423 ama·

253 2487 312 2548 ret
355 2474 597 2575 laudaretque
642 2477 910 2577 philosophum
955 2500 1001 2551 co
1054 2484 1222 2573 nomine,

250 2610 351 2709 quod
371 2612 585 2712 disciplinas
609 2618 809 2689 excitasset
829 2616 1003 2713 physicas
1018 2629 1058 2690 et
1078 2620 1223 2693 mathe-

250 2750 423 2839 maticas3
459 2761 498 2822 et
525 2751 700 2825 haetenus
722 2766 802 2827 erat
820 2752 986 2826 liberalis
1016 2754 1126 2830 illius
1147 2780 1222 2831 me

250 2886 407 2959 ritorum
434 2887 687 2983 praedicator,
718 2888 1004 2989 buccinatorque
1025 2895 1219 2969 existima·

251 3022 374 3094 tionis.
441 3021 628 3111 Quantum
672 3048 764 3100 vero
811 3029 944 3103 attinet
986 3027 1038 3101 ad
1082 3046 1219 3130 partes,

250 3180 342 3256 quas
368 3160 481 3254 vulgo
508 3164 768 3261 philosophiae
795 3167 947 3237 nomine
976 3171 1219 3267 eomprehen-

251 3289 363 3383 dum,
402 3295 582 3391 reliquas,
627 3310 666 3369 et
709 3295 842 3394 quibus
862 3372 865 3381 ,
884 3300 1026 3373 censeri
1065 3305 1216 3400 potissi·

242 3451 352 3504 murm
376 3432 551 3507 volabaut
575 3432 775 3545 waltharii,
800 3459 934 3534 parum
954 3436 1115 3512 favebat
1135 3462 1238 3513 earm·

291 3613 323 3695 ⁸)
345 3617 444 3679 Potius
462 3620 577 3700 Wolfio.
619 3622 670 3684 Sic
689 3627 765 3685 cuim
787 3627 847 3703 ipsc
868 3644 973 3685 nomen
993 3645 1083 3688 suum
1105 3628 1215 3689 colebat

248 3717 385 3781 scribere.
435 3721 495 3783 FR.
1144 3730 1148 3735 ¹
