2550 4590
467 296 525 313 ·--
558 260 626 333 ‘44
670 298 728 369 ''''.
777 314 784 329 ,

117 438 172 510 ris
195 428 478 518 scientissimus,
492 404 604 501 etiam
628 450 767 504 novam
794 433 927 504 eteius
952 376 1085 503 iuven1

116 582 159 643 ta
181 564 350 655 tenebat,
365 564 460 636 nulli
484 574 605 636 sectae
630 562 810 663 addictus.
843 564 974 658 Itaque
999 584 1085 636 cum

115 704 318 790 licetret,
344 721 422 773 non
446 700 571 771 minus
603 720 716 796 saepe
749 720 896 770 mecum
925 696 973 769 de
998 698 1084 796 plri-

108 838 307 937 ·losophia,
331 858 443 936 quam
466 832 516 907 de
539 834 657 909 literis
684 834 835 907 Graecis
862 845 901 906 et
924 834 1083 927 Latinio

3 988 7 995 '
108 976 331 1053 disserebat.
379 974 588 1049 Historiam
620 987 775 1048 naturae
803 974 996 1048 adamarat
1030 976 1083 1048 le-

107 1128 174 1191 cto
200 1116 393 1210 diligenter
417 1112 560 1203 Plinio,
584 1127 739 1186 naturae
763 1113 951 1186 historico.
1004 1112 1083 1187 Sed

6 1272 12 1279 ·
113 1256 227 1327 etiam
250 1254 497 1325 recentiorum
533 1250 731 1327 observata
762 1252 922 1325 libenter
945 1274 1081 1348 cogno-

29 1366 33 1371 ⁵
111 1386 246 1461 scebat
296 1386 341 1459 In
367 1408 440 1485 quo
466 1408 642 1481 magnum
666 1386 922 1460 adiumentum
946 1387 1080 1461 habuit

111 1526 311 1621 Gottingae
337 1547 374 1601 ‚a
410 1524 674 1597 consuetudine
714 1526 879 1624 plurium
920 1539 1078 1601 natruae

109 1674 374 1750 scrutatorum,
392 1660 564 1749 Helleni,
592 1660 764 1755 Segneri,
788 1661 1014 1753 Holmanni‚
1040 1674 1080 1737 et

107 1797 279 1871 instituta
308 1798 480 1894 inprimis
512 1794 734 1886 Academia,
760 1795 809 1869 de
849 1819 922 1893 qua
961 1820 1078 1898 supra

107 1931 203 2007 dixi.
270 1932 347 2007 Sed
387 1937 463 2006 iarn
502 1935 544 2006 in
574 1933 645 2006 hac
682 1906 785 2006 urbe
813 1935 1024 2032 profecerat
1055 1960 1078 2011 e

106 2068 300 2144 Waltlrero
335 2081 374 2142 et
400 2069 594 2159 Platnero,
619 2068 753 2169 quibus
785 2070 960 2143 utebatur
991 2072 1077 2170 plu-

104 2209 262 2296 rimum,
293 2208 457 2301 itemque
491 2204 705 2295 Hausenio‚
730 2209 834 2281 cirins
867 2211 981 2282 etiam
1007 2232 1078 2283 ex-

104 2347 314 2443 perimenta
347 2343 505 2442 physion
546 2355 715 2442 spectare
755 2344 945 2442 cupiebat,
979 2372 1077 2446 quae
1110 2408 1113 2415 .

105 2495 186 2555 tum
211 2484 375 2580 primum
409 2494 658 2580 proposuerat
689 2506 813 2555 rerum
846 2486 1074 2561 naturalium

105 2617 302 2708 studiosis,
337 2640 421 2689 cum
462 2629 613 2712 negaret
656 2617 728 2693 sibi
762 2631 872 2718 turpe
904 2622 1005 2711 fore,
1038 2626 1074 2697 si

103 2755 237 2828 horum
276 2766 462 2853 spectator
500 2758 597 2827 inter
622 2755 873 2830 adolescentes
906 2756 1095 2851 sederet'3.

10 2896 15 2905 ‘
103 2916 187 2968 curn
211 2893 279 2968 illa
311 2894 462 2966 mimica
494 2896 705 2992 spectacula
729 2898 810 2967 sine
840 2896 1074 2994 turpitudine

101 3031 312 3129 promiscue
346 3029 532 3126 quaelibet
565 3044 666 3104 aetas
692 3029 821 3103 adiret.
874 3031 950 3105 Sed
977 3034 1072 3107 haec

54 3174 58 3185 ’
99 3163 302 3252 Hausenii,
328 3166 578 3262 praeceptoris
602 3167 677 3238 mei
704 3168 967 3255 armatissimi,
988 3191 1070 3241 ma-

101 3300 289 3372 thematici
332 3300 568 3372 excellentis
590 3310 629 3371 et
670 3296 1066 3394 ᾰποδεικτικωτάτου,

99 3435 241 3505 mentio
270 3452 336 3505 me·
360 3433 409 3506 ad
429 3456 514 3505 eam
536 3446 683 3532 partem
712 3434 902 3508 doctrinae
925 3439 1065 3510 Gesne-

98 3570 225 3647 rianoe
259 3568 427 3659 deducit,
451 3591 562 3666 quam
600 3570 807 3645 literatores
837 3574 951 3667 vulgo
987 3595 1064 3647 non

99 3709 300 3803 attingunt,
330 3730 413 3783 cum
441 3707 651 3805 superiores
671 3708 729 3786 illi
756 3712 962 3809 principes,
984 3711 1064 3785 llle-
