<?xml version="1.0" encoding="UTF-8"?>
<!DOCTYPE html PUBLIC "-//W3C//DTD XHTML 1.0 Transitional//EN"
    "http://www.w3.org/TR/xhtml1/DTD/xhtml1-transitional.dtd">
<html xmlns="http://www.w3.org/1999/xhtml" xml:lang="en" lang="en">
 <head>
  <title>
</title>
<meta http-equiv="Content-Type" content="text/html;charset=utf-8" />
  <meta name='ocr-system' content='tesseract 3.04.00' />
  <meta name='ocr-capabilities' content='ocr_page ocr_carea ocr_par ocr_line ocrx_word'/>
</head>
<body>
  <div class='ocr_page' id='page_1' title='image "./eloquentiumviro00frotgoog_0567.png"; bbox 0 0 2550 4590; ppageno 0'>
   <div class='ocr_carea' id='block_1_1' title="bbox 440 190 784 321">
    <p class='ocr_par' dir='ltr' id='par_1_1' title="bbox 440 190 784 321">
     <span class='ocr_line' id='line_1_1' title="bbox 440 190 784 321; baseline -0.006 0"><span class='ocrx_word' id='word_1_1' title='bbox 440 190 784 321; x_wconf 38' lang='lat'><strong>22⁵2-</strong></span> 
     </span>
    </p>
   </div>
   <div class='ocr_carea' id='block_1_2' title="bbox 65 403 1132 2684">
    <p class='ocr_par' dir='ltr' id='par_1_2' title="bbox 65 403 1132 2684">
     <span class='ocr_line' id='line_1_2' title="bbox 162 403 1132 517; baseline -0.004 -26"><span class='ocrx_word' id='word_1_2' title='bbox 162 418 342 517; x_wconf 77' lang='lat' dir='ltr'><strong>superior.</strong></span> <span class='ocrx_word' id='word_1_3' title='bbox 388 414 509 503; x_wconf 77' lang='lat' dir='ltr'><strong>Quam</strong></span> <span class='ocrx_word' id='word_1_4' title='bbox 529 414 772 489; x_wconf 82' lang='lat' dir='ltr'><strong>vexationem</strong></span> <span class='ocrx_word' id='word_1_5' title='bbox 795 403 927 511; x_wconf 70' lang='lat' dir='ltr'><strong>ludaei</strong></span> <span class='ocrx_word' id='word_1_6' title='bbox 946 413 1037 487; x_wconf 83' lang='lat' dir='ltr'><strong>lieet</strong></span> <span class='ocrx_word' id='word_1_7' title='bbox 1056 414 1132 487; x_wconf 72' lang='lat' dir='ltr'><strong>slsis</strong></span> 
     </span>
     <span class='ocr_line' id='line_1_3' title="bbox 163 532 1129 651; baseline -0.005 -21"><span class='ocrx_word' id='word_1_8' title='bbox 163 556 424 637; x_wconf 68' lang='lat' dir='ltr'><strong>uli-iseerentur</strong></span> <span class='ocrx_word' id='word_1_9' title='bbox 448 550 648 651; x_wconf 76' lang='lat' dir='ltr'><strong>pediculis,</strong></span> <span class='ocrx_word' id='word_1_10' title='bbox 673 553 756 650; x_wconf 84' lang='lat' dir='ltr'><strong>ipse</strong></span> <span class='ocrx_word' id='word_1_11' title='bbox 784 532 912 625; x_wconf 77' lang='lat' dir='ltr'><strong>tomen</strong></span> <span class='ocrx_word' id='word_1_12' title='bbox 933 550 1040 625; x_wconf 81' lang='lat' dir='ltr'><strong>liaod</strong></span> <span class='ocrx_word' id='word_1_13' title='bbox 1066 576 1129 650; x_wconf 83' lang='lat' dir='ltr'><strong>po</strong></span> 
     </span>
     <span class='ocr_line' id='line_1_4' title="bbox 164 672 1131 786; baseline -0.004 -23"><span class='ocrx_word' id='word_1_14' title='bbox 164 690 237 763; x_wconf 87' lang='lat' dir='ltr'><strong>tuit</strong></span> <span class='ocrx_word' id='word_1_15' title='bbox 257 686 406 786; x_wconf 76' lang='lat' dir='ltr'><strong>depelli.</strong></span> <span class='ocrx_word' id='word_1_16' title='bbox 457 686 622 759; x_wconf 86' lang='lat' dir='ltr'><strong>lenensis</strong></span> <span class='ocrx_word' id='word_1_17' title='bbox 643 672 802 784; x_wconf 81' lang='lat' dir='ltr'><strong>‹leoique</strong></span> <span class='ocrx_word' id='word_1_18' title='bbox 826 684 1035 761; x_wconf 72' lang='lat' dir='ltr'><strong>Academia</strong></span> <span class='ocrx_word' id='word_1_19' title='bbox 1046 674 1131 759; x_wconf 72' lang='lat' dir='ltr'><strong>‘lao-</strong></span> 
     </span>
     <span class='ocr_line' id='line_1_5' title="bbox 161 822 1129 922; baseline -0.004 -21"><span class='ocrx_word' id='word_1_20' title='bbox 161 827 326 903; x_wconf 78' lang='lat' dir='ltr'><strong>(labilem</strong></span> <span class='ocrx_word' id='word_1_21' title='bbox 351 825 447 899; x_wconf 87' lang='lat' dir='ltr'><strong>hane</strong></span> <span class='ocrx_word' id='word_1_22' title='bbox 465 825 567 898; x_wconf 78' lang='lat' dir='ltr'><strong>sitim</strong></span> <span class='ocrx_word' id='word_1_23' title='bbox 590 822 781 922; x_wconf 78' lang='lat' dir='ltr'><strong>explevit,</strong></span> <span class='ocrx_word' id='word_1_24' title='bbox 805 824 871 897; x_wconf 90' lang='lat' dir='ltr'><strong>ubi</strong></span> <span class='ocrx_word' id='word_1_25' title='bbox 897 825 940 897; x_wconf 88' lang='lat' dir='ltr'><strong>iu</strong></span> <span class='ocrx_word' id='word_1_26' title='bbox 969 822 1129 897; x_wconf 77' lang='lat' dir='ltr'><strong>Danais·</strong></span> 
     </span>
     <span class='ocr_line' id='line_1_6' title="bbox 65 958 1127 1061; baseline -0.008 -19"><span class='ocrx_word' id='word_1_27' title='bbox 65 1036 69 1041; x_wconf 93' lang='lat'>.</span> <span class='ocrx_word' id='word_1_28' title='bbox 97 1036 109 1061; x_wconf 27' lang='lat'><strong>¹.</strong></span> <span class='ocrx_word' id='word_1_29' title='bbox 161 967 221 1041; x_wconf 84' lang='lat' dir='ltr'><strong>nis</strong></span> <span class='ocrx_word' id='word_1_30' title='bbox 238 964 376 1037; x_wconf 75' lang='lat' dir='ltr'><strong>scholis</strong></span> <span class='ocrx_word' id='word_1_31' title='bbox 404 974 550 1035; x_wconf 81' lang='lat' dir='ltr'><strong>tantum</strong></span> <span class='ocrx_word' id='word_1_32' title='bbox 579 958 818 1034; x_wconf 72' lang='lat' dir='ltr'><strong>exorientis</strong></span> <span class='ocrx_word' id='word_1_33' title='bbox 843 958 1016 1033; x_wconf 83' lang='lat' dir='ltr'><strong>lontibus</strong></span> <span class='ocrx_word' id='word_1_34' title='bbox 1043 959 1127 1033; x_wconf 81' lang='lat' dir='ltr'><strong>hau-</strong></span> 
     </span>
     <span class='ocr_line' id='line_1_7' title="bbox 162 1096 1126 1197; baseline -0.008 -20"><span class='ocrx_word' id='word_1_35' title='bbox 162 1104 232 1193; x_wconf 84' lang='lat' dir='ltr'><strong>sit,</strong></span> <span class='ocrx_word' id='word_1_36' title='bbox 264 1112 307 1175; x_wconf 87' lang='lat' dir='ltr'><strong>ut</strong></span> <span class='ocrx_word' id='word_1_37' title='bbox 329 1122 426 1197; x_wconf 87' lang='lat' dir='ltr'><strong>pene</strong></span> <span class='ocrx_word' id='word_1_38' title='bbox 453 1098 573 1171; x_wconf 77' lang='lat' dir='ltr'><strong>saeuis</strong></span> <span class='ocrx_word' id='word_1_39' title='bbox 603 1109 701 1171; x_wconf 86' lang='lat' dir='ltr'><strong>esset</strong></span> <span class='ocrx_word' id='word_1_40' title='bbox 728 1096 824 1169; x_wconf 83' lang='lat' dir='ltr'><strong>alter</strong></span> <span class='ocrx_word' id='word_1_41' title='bbox 851 1096 1046 1186; x_wconf 77' lang='lat' dir='ltr'><strong>Densius,</strong></span> <span class='ocrx_word' id='word_1_42' title='bbox 1071 1097 1126 1193; x_wconf 81' lang='lat' dir='ltr'><strong>qui</strong></span> 
     </span>
     <span class='ocr_line' id='line_1_8' title="bbox 163 1231 1127 1332; baseline -0.008 -19"><span class='ocrx_word' id='word_1_43' title='bbox 163 1250 243 1313; x_wconf 87' lang='lat' dir='ltr'><strong>tom</strong></span> <span class='ocrx_word' id='word_1_44' title='bbox 261 1238 371 1331; x_wconf 79' lang='lat' dir='ltr'><strong>longe</strong></span> <span class='ocrx_word' id='word_1_45' title='bbox 389 1234 562 1332; x_wconf 80' lang='lat' dir='ltr'><strong>princeps</strong></span> <span class='ocrx_word' id='word_1_46' title='bbox 584 1232 694 1305; x_wconf 86' lang='lat' dir='ltr'><strong>huius</strong></span> <span class='ocrx_word' id='word_1_47' title='bbox 714 1231 906 1307; x_wconf 83' lang='lat' dir='ltr'><strong>doetrinae</strong></span> <span class='ocrx_word' id='word_1_48' title='bbox 926 1244 1021 1305; x_wconf 83' lang='lat' dir='ltr'><strong>erat.</strong></span> <span class='ocrx_word' id='word_1_49' title='bbox 1057 1232 1127 1305; x_wconf 85' lang='lat' dir='ltr'><strong>Hie</strong></span> 
     </span>
     <span class='ocr_line' id='line_1_9' title="bbox 162 1368 1126 1471; baseline -0.005 -25"><span class='ocrx_word' id='word_1_50' title='bbox 162 1394 308 1471; x_wconf 85' lang='lat' dir='ltr'><strong>quoque</strong></span> <span class='ocrx_word' id='word_1_51' title='bbox 333 1370 592 1470; x_wconf 69' lang='lat' dir='ltr'><strong>philosophiae</strong></span> <span class='ocrx_word' id='word_1_52' title='bbox 617 1370 827 1458; x_wconf 85' lang='lat' dir='ltr'><strong>seientiam,</strong></span> <span class='ocrx_word' id='word_1_53' title='bbox 853 1390 950 1465; x_wconf 88' lang='lat' dir='ltr'><strong>quae</strong></span> <span class='ocrx_word' id='word_1_54' title='bbox 975 1368 1032 1442; x_wconf 89' lang='lat' dir='ltr'><strong>ihi</strong></span> <span class='ocrx_word' id='word_1_55' title='bbox 1050 1378 1126 1441; x_wconf 77' lang='lat' dir='ltr'><strong>mm</strong></span> 
     </span>
     <span class='ocr_line' id='line_1_10' title="bbox 161 1503 1127 1603; baseline -0.004 -20"><span class='ocrx_word' id='word_1_56' title='bbox 161 1507 350 1603; x_wconf 77' lang='lat' dir='ltr'><strong>regnabat,</strong></span> <span class='ocrx_word' id='word_1_57' title='bbox 377 1506 426 1581; x_wconf 85' lang='lat' dir='ltr'><strong>ad</strong></span> <span class='ocrx_word' id='word_1_58' title='bbox 447 1507 601 1603; x_wconf 84' lang='lat' dir='ltr'><strong>plenum</strong></span> <span class='ocrx_word' id='word_1_59' title='bbox 624 1505 781 1603; x_wconf 74' lang='lat' dir='ltr'><strong>adeptis</strong></span> <span class='ocrx_word' id='word_1_60' title='bbox 802 1516 869 1577; x_wconf 78' lang='lat' dir='ltr'><strong>est.</strong></span> <span class='ocrx_word' id='word_1_61' title='bbox 923 1503 1011 1594; x_wconf 77' lang='lat' dir='ltr'><strong>Qua</strong></span> <span class='ocrx_word' id='word_1_62' title='bbox 1030 1528 1127 1579; x_wconf 75' lang='lat' dir='ltr'><strong>oete·</strong></span> 
     </span>
     <span class='ocr_line' id='line_1_11' title="bbox 162 1640 1126 1717; baseline -0.004 0"><span class='ocrx_word' id='word_1_63' title='bbox 162 1646 269 1717; x_wconf 86' lang='lat' dir='ltr'><strong>sione</strong></span> <span class='ocrx_word' id='word_1_64' title='bbox 294 1642 362 1717; x_wconf 88' lang='lat' dir='ltr'><strong>illa</strong></span> <span class='ocrx_word' id='word_1_65' title='bbox 388 1644 481 1716; x_wconf 85' lang='lat' dir='ltr'><strong>iuris</strong></span> <span class='ocrx_word' id='word_1_66' title='bbox 514 1643 627 1715; x_wconf 86' lang='lat' dir='ltr'><strong>etism</strong></span> <span class='ocrx_word' id='word_1_67' title='bbox 659 1640 823 1715; x_wconf 87' lang='lat' dir='ltr'><strong>imbutus</strong></span> <span class='ocrx_word' id='word_1_68' title='bbox 839 1682 842 1687; x_wconf 92' lang='lat'>·</span> <span class='ocrx_word' id='word_1_69' title='bbox 856 1650 925 1713; x_wconf 77' lang='lat' dir='ltr'><strong>esi.</strong></span> <span class='ocrx_word' id='word_1_70' title='bbox 984 1640 1126 1714; x_wconf 78' lang='lat' dir='ltr'><strong>Trihoit</strong></span> 
     </span>
     <span class='ocr_line' id='line_1_12' title="bbox 80 1773 1124 1872; baseline -0.005 -20"><span class='ocrx_word' id='word_1_71' title='bbox 80 1776 83 1787; x_wconf 82' lang='grc'><strong>“</strong></span> <span class='ocrx_word' id='word_1_72' title='bbox 162 1779 263 1851; x_wconf 77' lang='lat' dir='ltr'><strong>asim</strong></span> <span class='ocrx_word' id='word_1_73' title='bbox 289 1776 458 1849; x_wconf 86' lang='lat' dir='ltr'><strong>nonnihil</strong></span> <span class='ocrx_word' id='word_1_74' title='bbox 488 1776 667 1872; x_wconf 78' lang='lat' dir='ltr'><strong>temporis</strong></span> <span class='ocrx_word' id='word_1_75' title='bbox 694 1773 967 1862; x_wconf 83' lang='lat' dir='ltr'><strong>lurecoosulto,</strong></span> <span class='ocrx_word' id='word_1_76' title='bbox 997 1775 1124 1847; x_wconf 82' lang='lat' dir='ltr'><strong>Gravi-</strong></span> 
     </span>
     <span class='ocr_line' id='line_1_13' title="bbox 163 1911 1125 2009; baseline -0.002 -21"><span class='ocrx_word' id='word_1_77' title='bbox 163 1938 235 1989; x_wconf 86' lang='lat' dir='ltr'><strong>nae</strong></span> <span class='ocrx_word' id='word_1_78' title='bbox 262 1912 442 2009; x_wconf 71' lang='lat' dir='ltr'><strong>Om&#39;gines</strong></span> <span class='ocrx_word' id='word_1_79' title='bbox 470 1914 677 1987; x_wconf 84' lang='lat' dir='ltr'><strong>enucleanti</strong></span> <span class='ocrx_word' id='word_1_80' title='bbox 699 1916 753 2009; x_wconf 79' lang='lat'><strong>⁸),</strong></span> <span class='ocrx_word' id='word_1_81' title='bbox 779 1911 1017 2008; x_wconf 67' lang='lat' dir='ltr'><strong>[sedentique</strong></span> <span class='ocrx_word' id='word_1_82' title='bbox 1043 1914 1125 1986; x_wconf 80' lang='lat' dir='ltr'><strong>iuris</strong></span> 
     </span>
     <span class='ocr_line' id='line_1_14' title="bbox 162 2044 1124 2143; baseline -0.004 -22"><span class='ocrx_word' id='word_1_83' title='bbox 162 2047 284 2122; x_wconf 84' lang='lat' dir='ltr'><strong>eivilis</strong></span> <span class='ocrx_word' id='word_1_84' title='bbox 313 2045 557 2142; x_wconf 80' lang='lat' dir='ltr'><strong>disciplinam.</strong></span> <span class='ocrx_word' id='word_1_85' title='bbox 615 2046 666 2119; x_wconf 87' lang='lat' dir='ltr'><strong>Et</strong></span> <span class='ocrx_word' id='word_1_86' title='bbox 696 2044 883 2118; x_wconf 85' lang='lat' dir='ltr'><strong>eruditum</strong></span> <span class='ocrx_word' id='word_1_87' title='bbox 911 2044 1022 2119; x_wconf 82' lang='lat' dir='ltr'><strong>illuni</strong></span> <span class='ocrx_word' id='word_1_88' title='bbox 1050 2045 1124 2143; x_wconf 91' lang='lat' dir='ltr'><strong>pol·</strong></span> 
     </span>
     <span class='ocr_line' id='line_1_15' title="bbox 161 2179 1125 2277; baseline -0.004 -22"><span class='ocrx_word' id='word_1_89' title='bbox 161 2204 289 2255; x_wconf 71' lang='lat' dir='ltr'><strong>serem</strong></span> <span class='ocrx_word' id='word_1_90' title='bbox 320 2182 449 2273; x_wconf 76' lang='lat' dir='ltr'><strong>attigit.</strong></span> <span class='ocrx_word' id='word_1_91' title='bbox 501 2179 629 2277; x_wconf 78' lang='lat' dir='ltr'><strong>Neque</strong></span> <span class='ocrx_word' id='word_1_92' title='bbox 653 2180 848 2253; x_wconf 80' lang='lat' dir='ltr'><strong>historiam</strong></span> <span class='ocrx_word' id='word_1_93' title='bbox 877 2180 995 2251; x_wconf 81' lang='lat' dir='ltr'><strong>soluit</strong></span> <span class='ocrx_word' id='word_1_94' title='bbox 1020 2180 1125 2275; x_wconf 76' lang='lat' dir='ltr'><strong>negli-</strong></span> 
     </span>
     <span class='ocr_line' id='line_1_16' title="bbox 160 2314 1123 2412; baseline 0.004 -25"><span class='ocrx_word' id='word_1_95' title='bbox 160 2327 287 2411; x_wconf 75' lang='lat' dir='ltr'><strong>genter</strong></span> <span class='ocrx_word' id='word_1_96' title='bbox 317 2336 386 2412; x_wconf 86' lang='lat' dir='ltr'><strong>per</strong></span> <span class='ocrx_word' id='word_1_97' title='bbox 412 2314 574 2411; x_wconf 86' lang='lat' dir='ltr'><strong>quinque</strong></span> <span class='ocrx_word' id='word_1_98' title='bbox 602 2336 737 2403; x_wconf 78' lang='lat' dir='ltr'><strong>minos,</strong></span> <span class='ocrx_word' id='word_1_99' title='bbox 770 2338 863 2411; x_wconf 87' lang='lat' dir='ltr'><strong>quos</strong></span> <span class='ocrx_word' id='word_1_100' title='bbox 890 2315 1006 2391; x_wconf 83' lang='lat' dir='ltr'><strong>lenae</strong></span> <span class='ocrx_word' id='word_1_101' title='bbox 1034 2315 1123 2391; x_wconf 63' lang='lat' dir='ltr'><strong>sea</strong></span> 
     </span>
     <span class='ocr_line' id='line_1_17' title="bbox 162 2446 1124 2548; baseline 0 -23"><span class='ocrx_word' id='word_1_102' title='bbox 162 2448 259 2525; x_wconf 83' lang='lat' dir='ltr'><strong>Gom</strong></span> <span class='ocrx_word' id='word_1_103' title='bbox 277 2450 517 2548; x_wconf 72' lang='lat' dir='ltr'><strong>applicuisset</strong></span> <span class='ocrx_word' id='word_1_104' title='bbox 541 2452 707 2523; x_wconf 79' lang='lat' dir='ltr'><strong>animum</strong></span> <span class='ocrx_word' id='word_1_105' title='bbox 729 2446 779 2522; x_wconf 87' lang='lat' dir='ltr'><strong>ad</strong></span> <span class='ocrx_word' id='word_1_106' title='bbox 803 2460 969 2523; x_wconf 83' lang='lat' dir='ltr'><strong>sanctam</strong></span> <span class='ocrx_word' id='word_1_107' title='bbox 994 2450 1124 2525; x_wconf 75' lang='lat' dir='ltr'><strong>doctri</strong></span> 
     </span>
     <span class='ocr_line' id='line_1_18' title="bbox 160 2585 1124 2684; baseline -0.002 -21"><span class='ocrx_word' id='word_1_108' title='bbox 160 2610 269 2676; x_wconf 80' lang='lat' dir='ltr'><strong>nain,</strong></span> <span class='ocrx_word' id='word_1_109' title='bbox 294 2585 508 2675; x_wconf 86' lang='lat' dir='ltr'><strong>Buddeum,</strong></span> <span class='ocrx_word' id='word_1_110' title='bbox 541 2589 706 2684; x_wconf 84' lang='lat' dir='ltr'><strong>quitum</strong></span> <span class='ocrx_word' id='word_1_111' title='bbox 732 2586 902 2659; x_wconf 82' lang='lat' dir='ltr'><strong>colonien</strong></span> <span class='ocrx_word' id='word_1_112' title='bbox 925 2602 1009 2661; x_wconf 86' lang='lat' dir='ltr'><strong>erat</strong></span> <span class='ocrx_word' id='word_1_113' title='bbox 1030 2590 1124 2661; x_wconf 78' lang='lat' dir='ltr'><strong>theo·</strong></span> 
     </span>
    </p>
   </div>
   <div class='ocr_carea' id='block_1_3' title="bbox 160 2720 1126 3635">
    <p class='ocr_par' dir='ltr' id='par_1_3' title="bbox 160 2720 1126 3635">
     <span class='ocr_line' id='line_1_19' title="bbox 160 2720 1124 2820; baseline 0 -25"><span class='ocrx_word' id='word_1_114' title='bbox 160 2722 292 2817; x_wconf 77' lang='lat' dir='ltr'><strong>logiae,</strong></span> <span class='ocrx_word' id='word_1_115' title='bbox 311 2744 500 2819; x_wconf 87' lang='lat' dir='ltr'><strong>nunquam</strong></span> <span class='ocrx_word' id='word_1_116' title='bbox 519 2720 691 2797; x_wconf 78' lang='lat' dir='ltr'><strong>deseruit.</strong></span> <span class='ocrx_word' id='word_1_117' title='bbox 734 2722 784 2795; x_wconf 86' lang='lat' dir='ltr'><strong>Et</strong></span> <span class='ocrx_word' id='word_1_118' title='bbox 805 2744 889 2795; x_wconf 82' lang='lat' dir='ltr'><strong>cmo</strong></span> <span class='ocrx_word' id='word_1_119' title='bbox 909 2725 944 2795; x_wconf 88' lang='lat' dir='ltr'><strong>is</strong></span> <span class='ocrx_word' id='word_1_120' title='bbox 966 2748 1038 2820; x_wconf 81' lang='lat' dir='ltr'><strong>per</strong></span> <span class='ocrx_word' id='word_1_121' title='bbox 1058 2740 1124 2797; x_wconf 75' lang='lat' dir='ltr'><strong>tros</strong></span> 
     </span>
     <span class='ocr_line' id='line_1_20' title="bbox 160 2856 1124 2955; baseline 0.002 -24"><span class='ocrx_word' id='word_1_122' title='bbox 160 2860 264 2955; x_wconf 87' lang='lat' dir='ltr'><strong>ipsos</strong></span> <span class='ocrx_word' id='word_1_123' title='bbox 287 2875 404 2931; x_wconf 85' lang='lat' dir='ltr'><strong>annos</strong></span> <span class='ocrx_word' id='word_1_124' title='bbox 422 2856 638 2946; x_wconf 62' lang='lat' dir='ltr'><strong>Gesnenum</strong></span> <span class='ocrx_word' id='word_1_125' title='bbox 663 2878 739 2931; x_wconf 87' lang='lat' dir='ltr'><strong>non</strong></span> <span class='ocrx_word' id='word_1_126' title='bbox 759 2857 875 2931; x_wconf 88' lang='lat' dir='ltr'><strong>modo</strong></span> <span class='ocrx_word' id='word_1_127' title='bbox 897 2871 949 2930; x_wconf 89' lang='lat' dir='ltr'><strong>ut.</strong></span> <span class='ocrx_word' id='word_1_128' title='bbox 960 2860 1034 2933; x_wconf 79' lang='lat' dir='ltr'><strong>filii</strong></span> <span class='ocrx_word' id='word_1_129' title='bbox 1055 2876 1124 2935; x_wconf 82' lang='lat' dir='ltr'><strong>sta·</strong></span> 
     </span>
     <span class='ocr_line' id='line_1_21' title="bbox 162 2990 1124 3091; baseline 0.004 -26"><span class='ocrx_word' id='word_1_130' title='bbox 162 2990 227 3065; x_wconf 82' lang='lat' dir='ltr'><strong>dia</strong></span> <span class='ocrx_word' id='word_1_131' title='bbox 245 3004 399 3087; x_wconf 78' lang='lat' dir='ltr'><strong>regeret,</strong></span> <span class='ocrx_word' id='word_1_132' title='bbox 424 2992 491 3066; x_wconf 84' lang='lat' dir='ltr'><strong>sed</strong></span> <span class='ocrx_word' id='word_1_133' title='bbox 513 3015 660 3091; x_wconf 86' lang='lat' dir='ltr'><strong>quoque</strong></span> <span class='ocrx_word' id='word_1_134' title='bbox 679 3005 723 3067; x_wconf 83' lang='lat' dir='ltr'><strong>ut</strong></span> <span class='ocrx_word' id='word_1_135' title='bbox 743 3016 829 3067; x_wconf 87' lang='lat' dir='ltr'><strong>eum</strong></span> <span class='ocrx_word' id='word_1_136' title='bbox 849 2992 1008 3067; x_wconf 83' lang='lat' dir='ltr'><strong>haberet</strong></span> <span class='ocrx_word' id='word_1_137' title='bbox 1029 2996 1124 3069; x_wconf 62' lang='lat' dir='ltr'><strong>labor</strong></span> 
     </span>
     <span class='ocr_line' id='line_1_22' title="bbox 160 3129 1123 3228; baseline -0.002 -23"><span class='ocrx_word' id='word_1_138' title='bbox 160 3152 246 3205; x_wconf 79' lang='lat' dir='ltr'><strong>rum</strong></span> <span class='ocrx_word' id='word_1_139' title='bbox 268 3129 476 3203; x_wconf 83' lang='lat' dir='ltr'><strong>adiutorem</strong></span> <span class='ocrx_word' id='word_1_140' title='bbox 504 3154 548 3203; x_wconf 87' lang='lat' dir='ltr'><strong>ac</strong></span> <span class='ocrx_word' id='word_1_141' title='bbox 574 3152 671 3228; x_wconf 86' lang='lat' dir='ltr'><strong>pene</strong></span> <span class='ocrx_word' id='word_1_142' title='bbox 699 3131 860 3217; x_wconf 86' lang='lat' dir='ltr'><strong>socium,</strong></span> <span class='ocrx_word' id='word_1_143' title='bbox 886 3130 1123 3204; x_wconf 70' lang='lat' dir='ltr'><strong>contubermo</strong></span> 
     </span>
     <span class='ocr_line' id='line_1_23' title="bbox 163 3264 1126 3358; baseline -0.003 -16"><span class='ocrx_word' id='word_1_144' title='bbox 163 3266 415 3358; x_wconf 84' lang='lat' dir='ltr'><strong>admovisset;</strong></span> <span class='ocrx_word' id='word_1_145' title='bbox 463 3266 582 3340; x_wconf 77' lang='lat' dir='ltr'><strong>lhctus</strong></span> <span class='ocrx_word' id='word_1_146' title='bbox 615 3279 672 3339; x_wconf 85' lang='lat' dir='ltr'><strong>est</strong></span> <span class='ocrx_word' id='word_1_147' title='bbox 710 3268 749 3339; x_wconf 89' lang='lat' dir='ltr'><strong>in</strong></span> <span class='ocrx_word' id='word_1_148' title='bbox 779 3264 892 3339; x_wconf 84' lang='lat' dir='ltr'><strong>domo</strong></span> <span class='ocrx_word' id='word_1_149' title='bbox 924 3266 1126 3341; x_wconf 83' lang='lat' dir='ltr'><strong>Buddoana</strong></span> 
     </span>
     <span class='ocr_line' id='line_1_24' title="bbox 163 3398 1124 3507; baseline 0.002 -36"><span class='ocrx_word' id='word_1_150' title='bbox 163 3400 366 3493; x_wconf 79' lang='lat' dir='ltr'><strong>theologus.</strong></span> <span class='ocrx_word' id='word_1_151' title='bbox 423 3398 517 3488; x_wconf 83' lang='lat' dir='ltr'><strong>Hie,</strong></span> <span class='ocrx_word' id='word_1_152' title='bbox 546 3400 696 3471; x_wconf 83' lang='lat' dir='ltr'><strong>nomine</strong></span> <span class='ocrx_word' id='word_1_153' title='bbox 731 3399 908 3507; x_wconf 79' lang='lat' dir='ltr'><strong>hospitis,</strong></span> <span class='ocrx_word' id='word_1_154' title='bbox 947 3422 1124 3501; x_wconf 82' lang='lat' dir='ltr'><strong>responsa</strong></span> 
     </span>
     <span class='ocr_line' id='line_1_25' title="bbox 162 3538 1124 3635; baseline -0.003 -23"><span class='ocrx_word' id='word_1_155' title='bbox 162 3540 245 3613; x_wconf 83' lang='lat' dir='ltr'><strong>sive</strong></span> <span class='ocrx_word' id='word_1_156' title='bbox 269 3538 424 3613; x_wconf 83' lang='lat' dir='ltr'><strong>consilia</strong></span> <span class='ocrx_word' id='word_1_157' title='bbox 455 3538 679 3633; x_wconf 74' lang='lat' dir='ltr'><strong>theologica,</strong></span> <span class='ocrx_word' id='word_1_158' title='bbox 714 3560 807 3635; x_wconf 81' lang='lat' dir='ltr'><strong>quae</strong></span> <span class='ocrx_word' id='word_1_159' title='bbox 832 3550 993 3629; x_wconf 78' lang='lat' dir='ltr'><strong>vocant,</strong></span> <span class='ocrx_word' id='word_1_160' title='bbox 1028 3538 1124 3613; x_wconf 82' lang='lat' dir='ltr'><strong>(ledit</strong></span> 
     </span>
    </p>
   </div>
   <div class='ocr_carea' id='block_1_4' title="bbox 208 3702 673 3789">
    <p class='ocr_par' dir='ltr' id='par_1_4' title="bbox 208 3702 673 3789">
     <span class='ocr_line' id='line_1_26' title="bbox 208 3702 673 3789; baseline 0 -25"><span class='ocrx_word' id='word_1_161' title='bbox 208 3702 240 3785; x_wconf 69' lang='lat'><strong>⁸)</strong></span> <span class='ocrx_word' id='word_1_162' title='bbox 262 3704 306 3765; x_wconf 78' lang='lat' dir='ltr'><strong>Cf.</strong></span> <span class='ocrx_word' id='word_1_163' title='bbox 328 3725 414 3785; x_wconf 72' lang='lat' dir='ltr'><strong>supro</strong></span> <span class='ocrx_word' id='word_1_164' title='bbox 433 3727 500 3789; x_wconf 79' lang='lat' dir='ltr'><strong>pag.</strong></span> <span class='ocrx_word' id='word_1_165' title='bbox 520 3704 572 3769; x_wconf 81' lang='lat'><strong>46.</strong></span> <span class='ocrx_word' id='word_1_166' title='bbox 614 3706 673 3767; x_wconf 76' lang='lat' dir='ltr'><strong>Fll.</strong></span> 
     </span>
    </p>
   </div>
   <div class='ocr_carea' id='block_1_5' title="bbox 396 4068 415 4145">
    <p class='ocr_par' dir='ltr' id='par_1_5' title="bbox 396 4068 415 4145">
     <span class='ocr_line' id='line_1_27' title="bbox 396 4068 415 4145; baseline 0 -16"><span class='ocrx_word' id='word_1_167' title='bbox 396 4068 415 4145; x_wconf 62' lang='lat' dir='ltr'><strong>ji</strong></span> 
     </span>
    </p>
   </div>
   <div class='ocr_carea' id='block_1_6' title="bbox 0 0 1280 4590">
    <p class='ocr_par' dir='ltr' id='par_1_6' title="bbox 0 0 1280 4590">
     <span class='ocr_line' id='line_1_28' title="bbox 0 0 1280 4590; baseline 0 0"><span class='ocrx_word' id='word_1_168' title='bbox 0 0 1280 4590; x_wconf 95' lang='lat' dir='ltr'><strong> </strong></span> 
     </span>
    </p>
   </div>
  </div>
 </body>
</html>
