2550 4590
384 288 456 323 ¹-
506 269 580 342 241
633 308 684 321 -

65 437 334 537 pertinentius?
369 436 539 511 Alterum
563 434 664 539 quod
686 435 1027 515 vindicantium

63 575 226 649 solidum
247 587 372 672 potest
387 572 584 662 Gesnerm,
599 573 672 646 hoc
687 587 761 647 est:
789 574 887 671 quod
911 575 1027 651 disce·
1151 644 1154 651 .

63 735 106 786 re
142 711 190 785 ab
213 712 298 783 aliis
326 733 413 783 eum
440 732 516 783 non
545 708 698 807 puduit,
722 734 815 784 curn
853 715 930 788 iam
961 714 1028 787 do·
1057 700 1063 713 '

66 863 146 922 ctor
169 860 277 937 esset,
303 862 353 920 et·
366 845 542 944 quamdiu
562 847 636 920 suit
654 849 694 920 in
715 850 814 922 vivis
821 873 831 940 3
856 848 1030 948 quodque
1109 840 1112 849 ¹
1138 918 1141 929 .

66 984 234 1058 discendi
271 985 452 1057 occasioni
479 1005 626 1079 semper
659 995 697 1057 et
733 984 870 1082 ubique
905 989 1029 1060 immi-
1067 1056 1072 1065 .

65 1125 159 1197 nuit
228 1119 419 1197 Heusonio
459 1117 646 1217 quomodo
685 1141 774 1193 usus
821 1124 871 1194 sit
917 1125 1029 1196 nosti.
1073 1094 1080 1109 ⁸

67 1259 287 1352 Goettingae
311 1254 381 1331 sub
407 1267 528 1328 ortum
542 1276 664 1329 novae
681 1254 918 1344 Academiae,
944 1278 1028 1330 cum

66 1392 215 1468 sdrolee
239 1391 432 1465 doctorum
452 1389 617 1466 nondum
645 1391 962 1489 frequentarentur
981 1391 1029 1467 ob

66 1525 294 1623 hospitibus,
328 1527 402 1622 ipsi
423 1525 517 1597 alter
536 1525 687 1596 alterius
708 1525 916 1599 auditiones
945 1523 1027 1600 obi·

67 1674 186 1736 emnt
237 1660 299 1733 Sic
321 1660 505 1733 Gesnerus
518 1660 686 1731 interfuit
708 1660 931 1733 sectionibus
947 1678 1030 1734 eor-¹

68 1818 203 1894 porum
216 1793 462 1867 humanorum
480 1792 771 1884 Albrechtianis3
797 1806 835 1866 et
854 1793 1031 1867 Albrech·

68 1944 131 2005 tus
151 1930 414 2027 panegyricum
435 1927 547 1999 Plinii
567 1929 871 2023 interpretantem
886 1927 1032 2002 audivit
1120 2016 1128 2025 ,

70 2066 286 2139 Gesnerurn.
345 2063 402 2139 Ne
432 2063 559 2159 plura3
596 2060 727 2135 didicit
755 2084 779 2135 a
811 2063 1031 2152 iunioribus,

69 2198 120 2299 sb
148 2199 313 2272 hostibus
343 2196 458 2286 adeo,
499 2195 716 2293 equolibet
748 2195 925 2292 denique,
967 2197 1032 2293 qui

69 2334 212 2432 aliquid
239 2335 370 2407 docere
405 2345 550 2431 posset,
585 2355 669 2406 eum
706 2333 863 2406 alterum
896 2333 1031 2431 pedem
1174 2336 1178 2343 “

70 2475 148 2547 iem
176 2470 328 2545 liaberet
355 2470 396 2541 in
425 2467 578 2540 tumulo.
638 2464 754 2552 Quod
792 2478 918 2538 autern
939 2480 1033 2553 *mm

72 2608 142 2681 diu
170 2605 311 2678 discere
339 2603 478 2699 potuit,
505 2599 592 2671 inde
623 2621 768 2695 quoque
803 2598 1035 2696 aliquatenus
1092 2684 1098 2691 ,

73 2764 156 2815 esse
187 2748 400 2811 consecutus
437 2732 601 2821 videtur,
643 2731 760 2829 quod,
799 2744 842 2806 ut
881 2733 1035 2821 valeret,

74 2875 221 2948 curavit
264 2869 466 2963 diligenter.
535 2867 709 2963 Inprimis
754 2880 881 2941 sancte
922 2868 1037 2941 coluit

72 3031 266 3096 somnum,
306 3004 405 3077 unde
441 3003 591 3101 pietatis
626 3002 786 3077 fructum
822 3004 908 3077 tulit
936 3003 1035 3079 houd

74 3138 351 3242 poenitepdum.
400 3134 494 3211 Cum
529 3149 603 3209 tres
638 3158 754 3210 annos
790 3137 1037 3212 habitaverim

77 3300 129 3351 ex
161 3250 331 3350 adverso
352 3271 483 3345 doinus
514 3271 781 3360 Gesocrianse‚
817 3294 900 3345 sum
927 3274 1037 3345 huius
1105 3346 1109 3353 ,

76 3417 265 3511 religionis
286 3414 330 3512 †)
355 3414 460 3487 testis
488 3412 665 3495 ocsrlotus.
715 3410 881 3485 Aestivis
903 3413 1038 3485 mensi·
